%YAML 1.1
%TAG !u! tag:unity3d.com,2011:
--- !u!1 &5190174366168976227
GameObject:
  m_ObjectHideFlags: 0
  m_CorrespondingSourceObject: {fileID: 0}
  m_PrefabInstance: {fileID: 0}
  m_PrefabAsset: {fileID: 0}
  serializedVersion: 6
  m_Component:
  - component: {fileID: 880840232375096743}
  - component: {fileID: 8533627406017045226}
  m_Layer: 5
  m_Name: repeat_path_unit
  m_TagString: Untagged
  m_Icon: {fileID: 0}
  m_NavMeshLayer: 0
  m_StaticEditorFlags: 0
  m_IsActive: 1
--- !u!224 &880840232375096743
RectTransform:
  m_ObjectHideFlags: 0
  m_CorrespondingSourceObject: {fileID: 0}
  m_PrefabInstance: {fileID: 0}
  m_PrefabAsset: {fileID: 0}
  m_GameObject: {fileID: 5190174366168976227}
  m_LocalRotation: {x: 0, y: 0, z: 0, w: 1}
  m_LocalPosition: {x: 0, y: 0, z: 0}
  m_LocalScale: {x: 1, y: 1, z: 1}
  m_Children:
  - {fileID: 4182999907239822999}
  - {fileID: 5698629987744242629}
  - {fileID: 9220992300081845521}
  m_Father: {fileID: 0}
  m_RootOrder: 0
  m_LocalEulerAnglesHint: {x: 0, y: 0, z: 0}
  m_AnchorMin: {x: 0, y: 0}
  m_AnchorMax: {x: 0, y: 0}
  m_AnchoredPosition: {x: 0, y: 0}
  m_SizeDelta: {x: 900, y: 600}
  m_Pivot: {x: 0, y: 0}
--- !u!114 &8533627406017045226
MonoBehaviour:
  m_ObjectHideFlags: 0
  m_CorrespondingSourceObject: {fileID: 0}
  m_PrefabInstance: {fileID: 0}
  m_PrefabAsset: {fileID: 0}
  m_GameObject: {fileID: 5190174366168976227}
  m_Enabled: 1
  m_EditorHideFlags: 0
  m_Script: {fileID: 11500000, guid: baf3f9099d608194686c63f1367d1e26, type: 3}
  m_Name: 
  m_EditorClassIdentifier: 
  locations:
  - {fileID: 6023501578019605280}
  - {fileID: 7166868194995652084}
  curLocationIcons: []
--- !u!1 &7760864937448945293
GameObject:
  m_ObjectHideFlags: 0
  m_CorrespondingSourceObject: {fileID: 0}
  m_PrefabInstance: {fileID: 0}
  m_PrefabAsset: {fileID: 0}
  serializedVersion: 6
  m_Component:
  - component: {fileID: 4182999907239822999}
  - component: {fileID: 3693301785049212799}
  - component: {fileID: 1490436198541234892}
  m_Layer: 5
  m_Name: path_1
  m_TagString: Untagged
  m_Icon: {fileID: 0}
  m_NavMeshLayer: 0
  m_StaticEditorFlags: 0
  m_IsActive: 1
--- !u!224 &4182999907239822999
RectTransform:
  m_ObjectHideFlags: 0
  m_CorrespondingSourceObject: {fileID: 0}
  m_PrefabInstance: {fileID: 0}
  m_PrefabAsset: {fileID: 0}
  m_GameObject: {fileID: 7760864937448945293}
  m_LocalRotation: {x: -0, y: -0, z: -0, w: 1}
  m_LocalPosition: {x: 0, y: 0, z: 0}
  m_LocalScale: {x: 1, y: 1, z: 1}
  m_Children: []
  m_Father: {fileID: 880840232375096743}
  m_RootOrder: 0
  m_LocalEulerAnglesHint: {x: 0, y: 0, z: 0}
  m_AnchorMin: {x: 0.5, y: 0.5}
  m_AnchorMax: {x: 0.5, y: 0.5}
  m_AnchoredPosition: {x: 0, y: 0}
  m_SizeDelta: {x: 400, y: 600}
  m_Pivot: {x: 0.5, y: 0.5}
--- !u!222 &3693301785049212799
CanvasRenderer:
  m_ObjectHideFlags: 0
  m_CorrespondingSourceObject: {fileID: 0}
  m_PrefabInstance: {fileID: 0}
  m_PrefabAsset: {fileID: 0}
  m_GameObject: {fileID: 7760864937448945293}
  m_CullTransparentMesh: 0
--- !u!114 &1490436198541234892
MonoBehaviour:
  m_ObjectHideFlags: 0
  m_CorrespondingSourceObject: {fileID: 0}
  m_PrefabInstance: {fileID: 0}
  m_PrefabAsset: {fileID: 0}
  m_GameObject: {fileID: 7760864937448945293}
  m_Enabled: 1
  m_EditorHideFlags: 0
  m_Script: {fileID: 11500000, guid: fe87c0e1cc204ed48ad3b37840f39efc, type: 3}
  m_Name: 
  m_EditorClassIdentifier: 
  m_Material: {fileID: 0}
  m_Color: {r: 1, g: 1, b: 1, a: 1}
  m_RaycastTarget: 1
  m_Maskable: 1
  m_OnCullStateChanged:
    m_PersistentCalls:
      m_Calls: []
  m_Sprite: {fileID: 21300000, guid: 09ac3eb061c3f364b8b1e00aa65d8ae2, type: 3}
  m_Type: 0
  m_PreserveAspect: 0
  m_FillCenter: 1
  m_FillMethod: 4
  m_FillAmount: 1
  m_FillClockwise: 1
  m_FillOrigin: 0
  m_UseSpriteMesh: 0
  m_PixelsPerUnitMultiplier: 1
--- !u!1001 &1170002248359681353
PrefabInstance:
  m_ObjectHideFlags: 0
  serializedVersion: 2
  m_Modification:
    m_TransformParent: {fileID: 880840232375096743}
    m_Modifications:
    - target: {fileID: 2546652996741238305, guid: aa28830561b0ad84fb4c4cc2f56fd83c,
        type: 3}
      propertyPath: m_Sprite
      value: 
      objectReference: {fileID: 21300000, guid: f3c172dd72d9bdc4aa2427677876fce8,
        type: 3}
    - target: {fileID: 8055573576563984472, guid: aa28830561b0ad84fb4c4cc2f56fd83c,
        type: 3}
      propertyPath: m_LocalPosition.x
      value: 0
      objectReference: {fileID: 0}
    - target: {fileID: 8055573576563984472, guid: aa28830561b0ad84fb4c4cc2f56fd83c,
        type: 3}
      propertyPath: m_LocalPosition.y
      value: 0
      objectReference: {fileID: 0}
    - target: {fileID: 8055573576563984472, guid: aa28830561b0ad84fb4c4cc2f56fd83c,
        type: 3}
      propertyPath: m_LocalPosition.z
      value: 0
      objectReference: {fileID: 0}
    - target: {fileID: 8055573576563984472, guid: aa28830561b0ad84fb4c4cc2f56fd83c,
        type: 3}
      propertyPath: m_LocalRotation.x
      value: -0
      objectReference: {fileID: 0}
    - target: {fileID: 8055573576563984472, guid: aa28830561b0ad84fb4c4cc2f56fd83c,
        type: 3}
      propertyPath: m_LocalRotation.y
      value: -0
      objectReference: {fileID: 0}
    - target: {fileID: 8055573576563984472, guid: aa28830561b0ad84fb4c4cc2f56fd83c,
        type: 3}
      propertyPath: m_LocalRotation.z
      value: -0
      objectReference: {fileID: 0}
    - target: {fileID: 8055573576563984472, guid: aa28830561b0ad84fb4c4cc2f56fd83c,
        type: 3}
      propertyPath: m_LocalRotation.w
      value: 1
      objectReference: {fileID: 0}
    - target: {fileID: 8055573576563984472, guid: aa28830561b0ad84fb4c4cc2f56fd83c,
        type: 3}
      propertyPath: m_RootOrder
      value: 2
      objectReference: {fileID: 0}
    - target: {fileID: 8055573576563984472, guid: aa28830561b0ad84fb4c4cc2f56fd83c,
        type: 3}
      propertyPath: m_LocalEulerAnglesHint.x
      value: 0
      objectReference: {fileID: 0}
    - target: {fileID: 8055573576563984472, guid: aa28830561b0ad84fb4c4cc2f56fd83c,
        type: 3}
      propertyPath: m_LocalEulerAnglesHint.y
      value: 0
      objectReference: {fileID: 0}
    - target: {fileID: 8055573576563984472, guid: aa28830561b0ad84fb4c4cc2f56fd83c,
        type: 3}
      propertyPath: m_LocalEulerAnglesHint.z
      value: 0
      objectReference: {fileID: 0}
    - target: {fileID: 8055573576563984472, guid: aa28830561b0ad84fb4c4cc2f56fd83c,
        type: 3}
      propertyPath: m_AnchoredPosition.x
      value: 300
      objectReference: {fileID: 0}
    - target: {fileID: 8055573576563984472, guid: aa28830561b0ad84fb4c4cc2f56fd83c,
        type: 3}
      propertyPath: m_AnchoredPosition.y
      value: 160
      objectReference: {fileID: 0}
    - target: {fileID: 8055573576563984472, guid: aa28830561b0ad84fb4c4cc2f56fd83c,
        type: 3}
      propertyPath: m_AnchorMin.x
      value: 0.5
      objectReference: {fileID: 0}
    - target: {fileID: 8055573576563984472, guid: aa28830561b0ad84fb4c4cc2f56fd83c,
        type: 3}
      propertyPath: m_AnchorMin.y
      value: 0.5
      objectReference: {fileID: 0}
    - target: {fileID: 8055573576563984472, guid: aa28830561b0ad84fb4c4cc2f56fd83c,
        type: 3}
      propertyPath: m_AnchorMax.x
      value: 0.5
      objectReference: {fileID: 0}
    - target: {fileID: 8055573576563984472, guid: aa28830561b0ad84fb4c4cc2f56fd83c,
        type: 3}
      propertyPath: m_AnchorMax.y
      value: 0.5
      objectReference: {fileID: 0}
    - target: {fileID: 8055573576563984472, guid: aa28830561b0ad84fb4c4cc2f56fd83c,
        type: 3}
      propertyPath: m_Pivot.x
      value: 0.5
      objectReference: {fileID: 0}
    - target: {fileID: 8055573576563984472, guid: aa28830561b0ad84fb4c4cc2f56fd83c,
        type: 3}
      propertyPath: m_Pivot.y
      value: 0.5
      objectReference: {fileID: 0}
    - target: {fileID: 8763003604374562784, guid: aa28830561b0ad84fb4c4cc2f56fd83c,
        type: 3}
      propertyPath: m_Name
      value: icon_2
      objectReference: {fileID: 0}
    m_RemovedComponents: []
  m_SourcePrefab: {fileID: 100100000, guid: aa28830561b0ad84fb4c4cc2f56fd83c, type: 3}
--- !u!224 &9220992300081845521 stripped
RectTransform:
  m_CorrespondingSourceObject: {fileID: 8055573576563984472, guid: aa28830561b0ad84fb4c4cc2f56fd83c,
    type: 3}
  m_PrefabInstance: {fileID: 1170002248359681353}
  m_PrefabAsset: {fileID: 0}
--- !u!114 &7166868194995652084 stripped
MonoBehaviour:
  m_CorrespondingSourceObject: {fileID: 8307305670808557757, guid: aa28830561b0ad84fb4c4cc2f56fd83c,
    type: 3}
  m_PrefabInstance: {fileID: 1170002248359681353}
  m_PrefabAsset: {fileID: 0}
  m_GameObject: {fileID: 0}
  m_Enabled: 1
  m_EditorHideFlags: 0
  m_Script: {fileID: 11500000, guid: 26e90f77ee710af4583d4be5b89020a2, type: 3}
  m_Name: 
  m_EditorClassIdentifier: 
--- !u!1001 &2368537966076023709
PrefabInstance:
  m_ObjectHideFlags: 0
  serializedVersion: 2
  m_Modification:
    m_TransformParent: {fileID: 880840232375096743}
    m_Modifications:
    - target: {fileID: 2546652996741238305, guid: aa28830561b0ad84fb4c4cc2f56fd83c,
        type: 3}
      propertyPath: m_Sprite
      value: 
      objectReference: {fileID: 21300000, guid: 261d9c85729871e4fac4b1dea6633ce2,
        type: 3}
    - target: {fileID: 8055573576563984472, guid: aa28830561b0ad84fb4c4cc2f56fd83c,
        type: 3}
      propertyPath: m_LocalPosition.x
      value: 0
      objectReference: {fileID: 0}
    - target: {fileID: 8055573576563984472, guid: aa28830561b0ad84fb4c4cc2f56fd83c,
        type: 3}
      propertyPath: m_LocalPosition.y
      value: 0
      objectReference: {fileID: 0}
    - target: {fileID: 8055573576563984472, guid: aa28830561b0ad84fb4c4cc2f56fd83c,
        type: 3}
      propertyPath: m_LocalPosition.z
      value: 0
      objectReference: {fileID: 0}
    - target: {fileID: 8055573576563984472, guid: aa28830561b0ad84fb4c4cc2f56fd83c,
        type: 3}
      propertyPath: m_LocalRotation.x
      value: -0
      objectReference: {fileID: 0}
    - target: {fileID: 8055573576563984472, guid: aa28830561b0ad84fb4c4cc2f56fd83c,
        type: 3}
      propertyPath: m_LocalRotation.y
      value: -0
      objectReference: {fileID: 0}
    - target: {fileID: 8055573576563984472, guid: aa28830561b0ad84fb4c4cc2f56fd83c,
        type: 3}
      propertyPath: m_LocalRotation.z
      value: -0
      objectReference: {fileID: 0}
    - target: {fileID: 8055573576563984472, guid: aa28830561b0ad84fb4c4cc2f56fd83c,
        type: 3}
      propertyPath: m_LocalRotation.w
      value: 1
      objectReference: {fileID: 0}
    - target: {fileID: 8055573576563984472, guid: aa28830561b0ad84fb4c4cc2f56fd83c,
        type: 3}
      propertyPath: m_RootOrder
      value: 1
      objectReference: {fileID: 0}
    - target: {fileID: 8055573576563984472, guid: aa28830561b0ad84fb4c4cc2f56fd83c,
        type: 3}
      propertyPath: m_LocalEulerAnglesHint.x
      value: 0
      objectReference: {fileID: 0}
    - target: {fileID: 8055573576563984472, guid: aa28830561b0ad84fb4c4cc2f56fd83c,
        type: 3}
      propertyPath: m_LocalEulerAnglesHint.y
      value: 0
      objectReference: {fileID: 0}
    - target: {fileID: 8055573576563984472, guid: aa28830561b0ad84fb4c4cc2f56fd83c,
        type: 3}
      propertyPath: m_LocalEulerAnglesHint.z
      value: 0
      objectReference: {fileID: 0}
    - target: {fileID: 8055573576563984472, guid: aa28830561b0ad84fb4c4cc2f56fd83c,
        type: 3}
      propertyPath: m_AnchoredPosition.x
      value: -300
      objectReference: {fileID: 0}
    - target: {fileID: 8055573576563984472, guid: aa28830561b0ad84fb4c4cc2f56fd83c,
        type: 3}
      propertyPath: m_AnchoredPosition.y
      value: -140
      objectReference: {fileID: 0}
    - target: {fileID: 8055573576563984472, guid: aa28830561b0ad84fb4c4cc2f56fd83c,
        type: 3}
      propertyPath: m_AnchorMin.x
      value: 0.5
      objectReference: {fileID: 0}
    - target: {fileID: 8055573576563984472, guid: aa28830561b0ad84fb4c4cc2f56fd83c,
        type: 3}
      propertyPath: m_AnchorMin.y
      value: 0.5
      objectReference: {fileID: 0}
    - target: {fileID: 8055573576563984472, guid: aa28830561b0ad84fb4c4cc2f56fd83c,
        type: 3}
      propertyPath: m_AnchorMax.x
      value: 0.5
      objectReference: {fileID: 0}
    - target: {fileID: 8055573576563984472, guid: aa28830561b0ad84fb4c4cc2f56fd83c,
        type: 3}
      propertyPath: m_AnchorMax.y
      value: 0.5
      objectReference: {fileID: 0}
    - target: {fileID: 8055573576563984472, guid: aa28830561b0ad84fb4c4cc2f56fd83c,
        type: 3}
      propertyPath: m_Pivot.x
      value: 0.5
      objectReference: {fileID: 0}
    - target: {fileID: 8055573576563984472, guid: aa28830561b0ad84fb4c4cc2f56fd83c,
        type: 3}
      propertyPath: m_Pivot.y
      value: 0.5
      objectReference: {fileID: 0}
    - target: {fileID: 8763003604374562784, guid: aa28830561b0ad84fb4c4cc2f56fd83c,
        type: 3}
      propertyPath: m_Name
      value: icon_1
      objectReference: {fileID: 0}
    m_RemovedComponents: []
  m_SourcePrefab: {fileID: 100100000, guid: aa28830561b0ad84fb4c4cc2f56fd83c, type: 3}
--- !u!224 &5698629987744242629 stripped
RectTransform:
  m_CorrespondingSourceObject: {fileID: 8055573576563984472, guid: aa28830561b0ad84fb4c4cc2f56fd83c,
    type: 3}
  m_PrefabInstance: {fileID: 2368537966076023709}
  m_PrefabAsset: {fileID: 0}
--- !u!114 &6023501578019605280 stripped
MonoBehaviour:
  m_CorrespondingSourceObject: {fileID: 8307305670808557757, guid: aa28830561b0ad84fb4c4cc2f56fd83c,
    type: 3}
  m_PrefabInstance: {fileID: 2368537966076023709}
  m_PrefabAsset: {fileID: 0}
  m_GameObject: {fileID: 0}
  m_Enabled: 1
  m_EditorHideFlags: 0
  m_Script: {fileID: 11500000, guid: 26e90f77ee710af4583d4be5b89020a2, type: 3}
  m_Name: 
  m_EditorClassIdentifier: 
