%YAML 1.1
%TAG !u! tag:unity3d.com,2011:
--- !u!1 &8680920008160318387
GameObject:
  m_ObjectHideFlags: 0
  m_CorrespondingSourceObject: {fileID: 0}
  m_PrefabInstance: {fileID: 0}
  m_PrefabAsset: {fileID: 0}
  serializedVersion: 6
  m_Component:
  - component: {fileID: 8680920008160318388}
  - component: {fileID: 5187458928336272852}
  - component: {fileID: 196824480274438196}
  - component: {fileID: 4902417159745466897}
  - component: {fileID: 1913499583433602459}
  - component: {fileID: 6300090007857537670}
  - component: {fileID: 8205443701609755167}
  - component: {fileID: 8680920008160318344}
  - component: {fileID: 8680920008160318391}
  - component: {fileID: 1074657400885073006}
  - component: {fileID: 8680920008160318389}
  - component: {fileID: 8680920008160318345}
  - component: {fileID: 8680920008160318390}
  - component: {fileID: 8680920008160318346}
  - component: {fileID: 5708970213979759680}
  - component: {fileID: 2532913532249462138}
  - component: {fileID: 1555080378503059723}
  - component: {fileID: 7156639784715345250}
  - component: {fileID: 2110366700437342124}
  - component: {fileID: 3047536660890853047}
  - component: {fileID: 7679010716600977715}
  - component: {fileID: 6127456092506334512}
  - component: {fileID: 1295871275455383032}
  - component: {fileID: 6218239644566636393}
  - component: {fileID: 5983986476660574459}
  - component: {fileID: 7689136932988124964}
  - component: {fileID: 5049573813761985792}
  m_Layer: 0
  m_Name: RuleScripts
  m_TagString: Untagged
  m_Icon: {fileID: 0}
  m_NavMeshLayer: 0
  m_StaticEditorFlags: 0
  m_IsActive: 1
--- !u!4 &8680920008160318388
Transform:
  m_ObjectHideFlags: 0
  m_CorrespondingSourceObject: {fileID: 0}
  m_PrefabInstance: {fileID: 0}
  m_PrefabAsset: {fileID: 0}
  m_GameObject: {fileID: 8680920008160318387}
  m_LocalRotation: {x: 0, y: 0, z: 0, w: 1}
  m_LocalPosition: {x: 0, y: 0, z: 0}
  m_LocalScale: {x: 1, y: 1, z: 1}
  m_Children: []
  m_Father: {fileID: 8680920008286827798}
  m_RootOrder: 0
  m_LocalEulerAnglesHint: {x: 0, y: 0, z: 0}
--- !u!114 &5187458928336272852
MonoBehaviour:
  m_ObjectHideFlags: 0
  m_CorrespondingSourceObject: {fileID: 0}
  m_PrefabInstance: {fileID: 0}
  m_PrefabAsset: {fileID: 0}
  m_GameObject: {fileID: 8680920008160318387}
  m_Enabled: 1
  m_EditorHideFlags: 0
  m_Script: {fileID: 11500000, guid: 144259ffb77f16243987aa909690034c, type: 3}
  m_Name: 
  m_EditorClassIdentifier: 
  gameplayData: {fileID: 11400000, guid: dfa174cfcc069aa4cb50fccfaf8c8b69, type: 2}
  ruleUID: rule_totalstar
  activated: 0
--- !u!114 &196824480274438196
MonoBehaviour:
  m_ObjectHideFlags: 0
  m_CorrespondingSourceObject: {fileID: 0}
  m_PrefabInstance: {fileID: 0}
  m_PrefabAsset: {fileID: 0}
  m_GameObject: {fileID: 8680920008160318387}
  m_Enabled: 1
  m_EditorHideFlags: 0
  m_Script: {fileID: 11500000, guid: 95177b6144a7fe443ad6a646abc3bc79, type: 3}
  m_Name: 
  m_EditorClassIdentifier: 
  gameplayData: {fileID: 11400000, guid: dfa174cfcc069aa4cb50fccfaf8c8b69, type: 2}
  ruleUID: rule_add_star
  activated: 0
  title: "\u989D\u5916"
  bonusStar: 
  prefix: "\u989D\u5916\u83B7\u5F97"
  suffix: 
--- !u!114 &4902417159745466897
MonoBehaviour:
  m_ObjectHideFlags: 0
  m_CorrespondingSourceObject: {fileID: 0}
  m_PrefabInstance: {fileID: 0}
  m_PrefabAsset: {fileID: 0}
  m_GameObject: {fileID: 8680920008160318387}
  m_Enabled: 1
  m_EditorHideFlags: 0
  m_Script: {fileID: 11500000, guid: aa2bf8586d0270341b088c6d9d758dcd, type: 3}
  m_Name: 
  m_EditorClassIdentifier: 
  gameplayData: {fileID: 11400000, guid: dfa174cfcc069aa4cb50fccfaf8c8b69, type: 2}
  ruleUID: rule_special_bonus
  activated: 0
  keywordOptions:
  - natural
  - animal
  - structure
  - sea
  - forest
  - swamp
  - mountain
  - desert
  - river
  - lake
  - spring
  - summer
  - autumn
  - winter
  title: "\u5947\u95FB"
  bonusStarByOptions: 0300000003000000030000000400000004000000040000000400000004000000040000000400000005000000050000000500000005000000
  prefix: "\u6765\u81EA\u81F3\u5C11\u4E00\u4E2A"
  suffix: 
  showPreview: 1
  preview_title: "\u5947\u95FB"
  preview_prefix: "\u83B7\u5F97\u81F3\u5C11\u4E00\u4E2A"
  preview_suffix: "\u4EE5\u83B7\u5F97"
--- !u!114 &1913499583433602459
MonoBehaviour:
  m_ObjectHideFlags: 0
  m_CorrespondingSourceObject: {fileID: 0}
  m_PrefabInstance: {fileID: 0}
  m_PrefabAsset: {fileID: 0}
  m_GameObject: {fileID: 8680920008160318387}
  m_Enabled: 1
  m_EditorHideFlags: 0
  m_Script: {fileID: 11500000, guid: 781c0392a2ce4f241855ecef9a159147, type: 3}
  m_Name: 
  m_EditorClassIdentifier: 
  gameplayData: {fileID: 11400000, guid: dfa174cfcc069aa4cb50fccfaf8c8b69, type: 2}
  ruleUID: rule_natural_bonus
  activated: 0
  targetGroup: natural
  title: "\u5C71\u6C34"
  reqCount: 010000000200000003000000040000000500000006000000
  bonusStar: 010000000200000003000000040000000500000006000000
  suffix:
  - 
  - 
  - 
  - 
  - 
  - 
  showPreview: 1
--- !u!114 &6300090007857537670
MonoBehaviour:
  m_ObjectHideFlags: 0
  m_CorrespondingSourceObject: {fileID: 0}
  m_PrefabInstance: {fileID: 0}
  m_PrefabAsset: {fileID: 0}
  m_GameObject: {fileID: 8680920008160318387}
  m_Enabled: 1
  m_EditorHideFlags: 0
  m_Script: {fileID: 11500000, guid: 781c0392a2ce4f241855ecef9a159147, type: 3}
  m_Name: 
  m_EditorClassIdentifier: 
  gameplayData: {fileID: 11400000, guid: dfa174cfcc069aa4cb50fccfaf8c8b69, type: 2}
  ruleUID: rule_animal_bonus
  activated: 0
  targetGroup: animal
  title: "\u5947\u517D"
  reqCount: 010000000200000003000000040000000500000006000000
  bonusStar: 010000000200000003000000040000000500000006000000
  suffix:
  - 
  - 
  - 
  - 
  - 
  - 
  showPreview: 1
--- !u!114 &8205443701609755167
MonoBehaviour:
  m_ObjectHideFlags: 0
  m_CorrespondingSourceObject: {fileID: 0}
  m_PrefabInstance: {fileID: 0}
  m_PrefabAsset: {fileID: 0}
  m_GameObject: {fileID: 8680920008160318387}
  m_Enabled: 1
  m_EditorHideFlags: 0
  m_Script: {fileID: 11500000, guid: 781c0392a2ce4f241855ecef9a159147, type: 3}
  m_Name: 
  m_EditorClassIdentifier: 
  gameplayData: {fileID: 11400000, guid: dfa174cfcc069aa4cb50fccfaf8c8b69, type: 2}
  ruleUID: rule_structure_bonus
  activated: 0
  targetGroup: structure
  title: "\u5EFA\u7B51"
  reqCount: 010000000200000003000000040000000500000006000000
  bonusStar: 010000000200000003000000040000000500000006000000
  suffix:
  - 
  - 
  - 
  - 
  - 
  - 
  showPreview: 1
--- !u!114 &8680920008160318344
MonoBehaviour:
  m_ObjectHideFlags: 0
  m_CorrespondingSourceObject: {fileID: 0}
  m_PrefabInstance: {fileID: 0}
  m_PrefabAsset: {fileID: 0}
  m_GameObject: {fileID: 8680920008160318387}
  m_Enabled: 1
  m_EditorHideFlags: 0
  m_Script: {fileID: 11500000, guid: 781c0392a2ce4f241855ecef9a159147, type: 3}
  m_Name: 
  m_EditorClassIdentifier: 
  gameplayData: {fileID: 11400000, guid: dfa174cfcc069aa4cb50fccfaf8c8b69, type: 2}
  ruleUID: rule_natural
  activated: 0
  targetGroup: natural
  title: "\u5C71\u6C34"
  reqCount: 0200000003000000040000000500000006000000
  bonusStar: 0200000002000000020000000200000002000000
  suffix:
  - "\u6210\u53CC"
  - "\u6210\u53CC"
  - "\u6210\u53CC"
  - "\u6210\u53CC"
  - "\u6210\u53CC"
  showPreview: 0
--- !u!114 &8680920008160318391
MonoBehaviour:
  m_ObjectHideFlags: 0
  m_CorrespondingSourceObject: {fileID: 0}
  m_PrefabInstance: {fileID: 0}
  m_PrefabAsset: {fileID: 0}
  m_GameObject: {fileID: 8680920008160318387}
  m_Enabled: 1
  m_EditorHideFlags: 0
  m_Script: {fileID: 11500000, guid: 781c0392a2ce4f241855ecef9a159147, type: 3}
  m_Name: 
  m_EditorClassIdentifier: 
  gameplayData: {fileID: 11400000, guid: dfa174cfcc069aa4cb50fccfaf8c8b69, type: 2}
  ruleUID: rule_animal
  activated: 0
  targetGroup: animal
  title: "\u5947\u517D"
  reqCount: 0200000003000000040000000500000006000000
  bonusStar: 0200000002000000020000000200000002000000
  suffix:
  - "\u6210\u53CC"
  - "\u6210\u53CC"
  - "\u6210\u53CC"
  - "\u6210\u53CC"
  - "\u6210\u53CC"
  showPreview: 0
--- !u!114 &1074657400885073006
MonoBehaviour:
  m_ObjectHideFlags: 0
  m_CorrespondingSourceObject: {fileID: 0}
  m_PrefabInstance: {fileID: 0}
  m_PrefabAsset: {fileID: 0}
  m_GameObject: {fileID: 8680920008160318387}
  m_Enabled: 1
  m_EditorHideFlags: 0
  m_Script: {fileID: 11500000, guid: 781c0392a2ce4f241855ecef9a159147, type: 3}
  m_Name: 
  m_EditorClassIdentifier: 
  gameplayData: {fileID: 11400000, guid: dfa174cfcc069aa4cb50fccfaf8c8b69, type: 2}
  ruleUID: rule_structure
  activated: 0
  targetGroup: structure
  title: "\u5EFA\u7B51"
  reqCount: 0200000003000000040000000500000006000000
  bonusStar: 0200000002000000020000000200000002000000
  suffix:
  - "\u6210\u53CC"
  - "\u6210\u53CC"
  - "\u6210\u53CC"
  - "\u6210\u53CC"
  - "\u6210\u53CC"
  showPreview: 0
--- !u!114 &8680920008160318389
MonoBehaviour:
  m_ObjectHideFlags: 0
  m_CorrespondingSourceObject: {fileID: 0}
  m_PrefabInstance: {fileID: 0}
  m_PrefabAsset: {fileID: 0}
  m_GameObject: {fileID: 8680920008160318387}
  m_Enabled: 1
  m_EditorHideFlags: 0
  m_Script: {fileID: 11500000, guid: a741d03f3ff7c154eaa287819843d38e, type: 3}
  m_Name: 
  m_EditorClassIdentifier: 
  gameplayData: {fileID: 11400000, guid: dfa174cfcc069aa4cb50fccfaf8c8b69, type: 2}
  ruleUID: rule_geo
  activated: 0
  targetGroup: geo
  title: "\u5730\u7406"
  reqCount: 01000000020000000300000004000000050000000600000007000000
  bonusStar: 010000000300000005000000080000000c0000001000000014000000
--- !u!114 &8680920008160318345
MonoBehaviour:
  m_ObjectHideFlags: 0
  m_CorrespondingSourceObject: {fileID: 0}
  m_PrefabInstance: {fileID: 0}
  m_PrefabAsset: {fileID: 0}
  m_GameObject: {fileID: 8680920008160318387}
  m_Enabled: 1
  m_EditorHideFlags: 0
  m_Script: {fileID: 11500000, guid: aa0090dcc66a9b648a622d0aa7b54cda, type: 3}
  m_Name: 
  m_EditorClassIdentifier: 
  gameplayData: {fileID: 11400000, guid: dfa174cfcc069aa4cb50fccfaf8c8b69, type: 2}
  ruleUID: rule_feeling
  activated: 0
  targetGroup: feeling
  title: "\u6D53\u60C5"
  reqCount: 00000000010000000200000003000000040000000500000006000000
  bonusStar: ffffffff020000000300000004000000050000000600000007000000
  suffix:
  - "\u51B2\u7A81"
  - 
  - 
  - 
  - 
  - 
  - 
--- !u!114 &8680920008160318390
MonoBehaviour:
  m_ObjectHideFlags: 0
  m_CorrespondingSourceObject: {fileID: 0}
  m_PrefabInstance: {fileID: 0}
  m_PrefabAsset: {fileID: 0}
  m_GameObject: {fileID: 8680920008160318387}
  m_Enabled: 1
  m_EditorHideFlags: 0
  m_Script: {fileID: 11500000, guid: d178b989d680cd241a1732c577a637ca, type: 3}
  m_Name: 
  m_EditorClassIdentifier: 
  gameplayData: {fileID: 11400000, guid: dfa174cfcc069aa4cb50fccfaf8c8b69, type: 2}
  ruleUID: rule_3basic
  activated: 0
  requiredKeywords:
  - natural
  - animal
  - structure
  optionalKeywords: []
  title: "\u4EBA\u6587\u81EA\u7136"
  reqCount: 03000000
  bonusStar: 03000000
  suffix: "\u7EC4\u5408"
  showPreview: 0
  showWIP: 1
  preview_title: 
  preview_suffix: 
--- !u!114 &8680920008160318346
MonoBehaviour:
  m_ObjectHideFlags: 0
  m_CorrespondingSourceObject: {fileID: 0}
  m_PrefabInstance: {fileID: 0}
  m_PrefabAsset: {fileID: 0}
  m_GameObject: {fileID: 8680920008160318387}
  m_Enabled: 1
  m_EditorHideFlags: 0
  m_Script: {fileID: 11500000, guid: d178b989d680cd241a1732c577a637ca, type: 3}
  m_Name: 
  m_EditorClassIdentifier: 
  gameplayData: {fileID: 11400000, guid: dfa174cfcc069aa4cb50fccfaf8c8b69, type: 2}
  ruleUID: rule_4season
  activated: 0
  requiredKeywords:
  - spring
  - summer
  - autumn
  - winter
  optionalKeywords: []
  title: "\u56DB\u5B63"
  reqCount: 04000000
  bonusStar: 08000000
  suffix: "\u7EC4\u5408"
  showPreview: 0
  showWIP: 0
  preview_title: 
  preview_suffix: 
--- !u!114 &5708970213979759680
MonoBehaviour:
  m_ObjectHideFlags: 0
  m_CorrespondingSourceObject: {fileID: 0}
  m_PrefabInstance: {fileID: 0}
  m_PrefabAsset: {fileID: 0}
  m_GameObject: {fileID: 8680920008160318387}
  m_Enabled: 1
  m_EditorHideFlags: 0
  m_Script: {fileID: 11500000, guid: d178b989d680cd241a1732c577a637ca, type: 3}
  m_Name: 
  m_EditorClassIdentifier: 
  gameplayData: {fileID: 11400000, guid: dfa174cfcc069aa4cb50fccfaf8c8b69, type: 2}
  ruleUID: rule_combo_spring
  activated: 0
  requiredKeywords:
  - spring
  optionalKeywords:
  - calm
  - forest
  title: "\u6696\u6625"
  reqCount: 0200000003000000
  bonusStar: 0300000006000000
  suffix: "\u7EC4\u5408"
  showPreview: 0
  showWIP: 1
  preview_title: 
  preview_suffix: 
--- !u!114 &2532913532249462138
MonoBehaviour:
  m_ObjectHideFlags: 0
  m_CorrespondingSourceObject: {fileID: 0}
  m_PrefabInstance: {fileID: 0}
  m_PrefabAsset: {fileID: 0}
  m_GameObject: {fileID: 8680920008160318387}
  m_Enabled: 1
  m_EditorHideFlags: 0
  m_Script: {fileID: 11500000, guid: d178b989d680cd241a1732c577a637ca, type: 3}
  m_Name: 
  m_EditorClassIdentifier: 
  gameplayData: {fileID: 11400000, guid: dfa174cfcc069aa4cb50fccfaf8c8b69, type: 2}
  ruleUID: rule_combo_summer
  activated: 0
  requiredKeywords:
  - summer
  optionalKeywords:
  - happy
  - lake
  title: "\u76DB\u590F"
  reqCount: 0200000003000000
  bonusStar: 0300000006000000
  suffix: "\u7EC4\u5408"
  showPreview: 0
  showWIP: 1
  preview_title: 
  preview_suffix: 
--- !u!114 &1555080378503059723
MonoBehaviour:
  m_ObjectHideFlags: 0
  m_CorrespondingSourceObject: {fileID: 0}
  m_PrefabInstance: {fileID: 0}
  m_PrefabAsset: {fileID: 0}
  m_GameObject: {fileID: 8680920008160318387}
  m_Enabled: 1
  m_EditorHideFlags: 0
  m_Script: {fileID: 11500000, guid: d178b989d680cd241a1732c577a637ca, type: 3}
  m_Name: 
  m_EditorClassIdentifier: 
  gameplayData: {fileID: 11400000, guid: dfa174cfcc069aa4cb50fccfaf8c8b69, type: 2}
  ruleUID: rule_combo_autumn
  activated: 0
  requiredKeywords:
  - autumn
  optionalKeywords:
  - sad
  - mountain
  title: "\u82E6\u79CB"
  reqCount: 0200000003000000
  bonusStar: 0300000006000000
  suffix: "\u7EC4\u5408"
  showPreview: 0
  showWIP: 1
  preview_title: 
  preview_suffix: 
--- !u!114 &7156639784715345250
MonoBehaviour:
  m_ObjectHideFlags: 0
  m_CorrespondingSourceObject: {fileID: 0}
  m_PrefabInstance: {fileID: 0}
  m_PrefabAsset: {fileID: 0}
  m_GameObject: {fileID: 8680920008160318387}
  m_Enabled: 1
  m_EditorHideFlags: 0
  m_Script: {fileID: 11500000, guid: d178b989d680cd241a1732c577a637ca, type: 3}
  m_Name: 
  m_EditorClassIdentifier: 
  gameplayData: {fileID: 11400000, guid: dfa174cfcc069aa4cb50fccfaf8c8b69, type: 2}
  ruleUID: rule_combo_winter
  activated: 0
  requiredKeywords:
  - winter
  optionalKeywords:
  - mysterious
  - desert
  title: "\u5BD2\u51AC"
  reqCount: 0200000003000000
  bonusStar: 0300000006000000
  suffix: "\u7EC4\u5408"
  showPreview: 0
  showWIP: 1
  preview_title: 
  preview_suffix: 
--- !u!114 &2110366700437342124
MonoBehaviour:
  m_ObjectHideFlags: 0
  m_CorrespondingSourceObject: {fileID: 0}
  m_PrefabInstance: {fileID: 0}
  m_PrefabAsset: {fileID: 0}
  m_GameObject: {fileID: 8680920008160318387}
  m_Enabled: 1
  m_EditorHideFlags: 0
  m_Script: {fileID: 11500000, guid: d178b989d680cd241a1732c577a637ca, type: 3}
  m_Name: 
  m_EditorClassIdentifier: 
  gameplayData: {fileID: 11400000, guid: dfa174cfcc069aa4cb50fccfaf8c8b69, type: 2}
  ruleUID: rule_rare
  activated: 0
  requiredKeywords:
  - rare
  optionalKeywords: []
  title: "\u7F55\u89C1"
  reqCount: 01000000
  bonusStar: 03000000
  suffix: 
  showPreview: 0
  showWIP: 0
  preview_title: 
  preview_suffix: 
--- !u!114 &3047536660890853047
MonoBehaviour:
  m_ObjectHideFlags: 0
  m_CorrespondingSourceObject: {fileID: 0}
  m_PrefabInstance: {fileID: 0}
  m_PrefabAsset: {fileID: 0}
  m_GameObject: {fileID: 8680920008160318387}
  m_Enabled: 1
  m_EditorHideFlags: 0
  m_Script: {fileID: 11500000, guid: d178b989d680cd241a1732c577a637ca, type: 3}
  m_Name: 
  m_EditorClassIdentifier: 
  gameplayData: {fileID: 11400000, guid: dfa174cfcc069aa4cb50fccfaf8c8b69, type: 2}
  ruleUID: rule_god
  activated: 0
  requiredKeywords:
  - religious
  optionalKeywords:
  - giant
  - swamp
  - sea
  title: "\u795E\u660E"
  reqCount: 020000000300000004000000
  bonusStar: 050000000700000009000000
  suffix: 
  showPreview: 0
  showWIP: 1
  preview_title: 
  preview_suffix: 
--- !u!114 &7679010716600977715
MonoBehaviour:
  m_ObjectHideFlags: 0
  m_CorrespondingSourceObject: {fileID: 0}
  m_PrefabInstance: {fileID: 0}
  m_PrefabAsset: {fileID: 0}
  m_GameObject: {fileID: 8680920008160318387}
  m_Enabled: 1
  m_EditorHideFlags: 0
  m_Script: {fileID: 11500000, guid: 781c0392a2ce4f241855ecef9a159147, type: 3}
  m_Name: 
  m_EditorClassIdentifier: 
  gameplayData: {fileID: 11400000, guid: dfa174cfcc069aa4cb50fccfaf8c8b69, type: 2}
  ruleUID: rule_geo_bonus
  activated: 0
  targetGroup: geo
  title: "\u5730\u7406"
  reqCount: 010000000200000003000000040000000500000006000000
  bonusStar: 010000000200000003000000040000000500000006000000
  suffix:
  - 
  - 
  - 
  - 
  - 
  - 
  showPreview: 1
--- !u!114 &6127456092506334512
MonoBehaviour:
  m_ObjectHideFlags: 0
  m_CorrespondingSourceObject: {fileID: 0}
  m_PrefabInstance: {fileID: 0}
  m_PrefabAsset: {fileID: 0}
  m_GameObject: {fileID: 8680920008160318387}
  m_Enabled: 1
  m_EditorHideFlags: 0
  m_Script: {fileID: 11500000, guid: 781c0392a2ce4f241855ecef9a159147, type: 3}
  m_Name: 
  m_EditorClassIdentifier: 
  gameplayData: {fileID: 11400000, guid: dfa174cfcc069aa4cb50fccfaf8c8b69, type: 2}
  ruleUID: rule_feeling_bonus
  activated: 0
  targetGroup: feeling
  title: "\u6292\u60C5"
  reqCount: 010000000200000003000000040000000500000006000000
  bonusStar: 020000000400000006000000080000000a0000000c000000
  suffix:
  - 
  - 
  - 
  - 
  - 
  - 
  showPreview: 1
--- !u!114 &1295871275455383032
MonoBehaviour:
  m_ObjectHideFlags: 0
  m_CorrespondingSourceObject: {fileID: 0}
  m_PrefabInstance: {fileID: 0}
  m_PrefabAsset: {fileID: 0}
  m_GameObject: {fileID: 8680920008160318387}
  m_Enabled: 1
  m_EditorHideFlags: 0
  m_Script: {fileID: 11500000, guid: 95177b6144a7fe443ad6a646abc3bc79, type: 3}
  m_Name: 
  m_EditorClassIdentifier: 
  gameplayData: {fileID: 11400000, guid: dfa174cfcc069aa4cb50fccfaf8c8b69, type: 2}
  ruleUID: rule_min_star_slot3
  activated: 0
  title: "\u4EE3\u7B14"
  bonusStar: fcffffff
  prefix: "\u4EE3\u7B14\u661F\u7EA7\u8981\u6C42"
  suffix: 
--- !u!114 &6218239644566636393
MonoBehaviour:
  m_ObjectHideFlags: 0
  m_CorrespondingSourceObject: {fileID: 0}
  m_PrefabInstance: {fileID: 0}
  m_PrefabAsset: {fileID: 0}
  m_GameObject: {fileID: 8680920008160318387}
  m_Enabled: 1
  m_EditorHideFlags: 0
  m_Script: {fileID: 11500000, guid: 95177b6144a7fe443ad6a646abc3bc79, type: 3}
  m_Name: 
  m_EditorClassIdentifier: 
  gameplayData: {fileID: 11400000, guid: dfa174cfcc069aa4cb50fccfaf8c8b69, type: 2}
  ruleUID: rule_min_star_slot4
  activated: 0
  title: "\u4EE3\u7B14"
  bonusStar: f9ffffff
  prefix: "\u4EE3\u7B14\u661F\u7EA7\u8981\u6C42"
  suffix: 
--- !u!114 &5983986476660574459
MonoBehaviour:
  m_ObjectHideFlags: 0
  m_CorrespondingSourceObject: {fileID: 0}
  m_PrefabInstance: {fileID: 0}
  m_PrefabAsset: {fileID: 0}
  m_GameObject: {fileID: 8680920008160318387}
  m_Enabled: 1
  m_EditorHideFlags: 0
  m_Script: {fileID: 11500000, guid: 95177b6144a7fe443ad6a646abc3bc79, type: 3}
  m_Name: 
  m_EditorClassIdentifier: 
  gameplayData: {fileID: 11400000, guid: dfa174cfcc069aa4cb50fccfaf8c8b69, type: 2}
  ruleUID: rule_min_star_slot5
  activated: 0
  title: "\u4EE3\u7B14"
  bonusStar: f5ffffff
  prefix: "\u4EE3\u7B14\u661F\u7EA7\u8981\u6C42"
  suffix: 
--- !u!114 &7689136932988124964
MonoBehaviour:
  m_ObjectHideFlags: 0
  m_CorrespondingSourceObject: {fileID: 0}
  m_PrefabInstance: {fileID: 0}
  m_PrefabAsset: {fileID: 0}
  m_GameObject: {fileID: 8680920008160318387}
  m_Enabled: 1
  m_EditorHideFlags: 0
  m_Script: {fileID: 11500000, guid: 781c0392a2ce4f241855ecef9a159147, type: 3}
  m_Name: 
  m_EditorClassIdentifier: 
  gameplayData: {fileID: 11400000, guid: dfa174cfcc069aa4cb50fccfaf8c8b69, type: 2}
  ruleUID: rule_lore
  activated: 0
  targetGroup: lore
  title: "\u795E\u8BDD\u4F20\u8BF4"
  reqCount: 010000000200000003000000040000000500000006000000
  bonusStar: 020000000400000008000000100000001000000010000000
  suffix:
  - 
  - "\u6210\u53CC"
  - "\u6210\u4E09"
  - "\u6210\u56DB"
  - "\u6210\u56DB"
  - "\u6210\u56DB"
  showPreview: 0
--- !u!114 &5049573813761985792
MonoBehaviour:
  m_ObjectHideFlags: 0
  m_CorrespondingSourceObject: {fileID: 0}
  m_PrefabInstance: {fileID: 0}
  m_PrefabAsset: {fileID: 0}
  m_GameObject: {fileID: 8680920008160318387}
  m_Enabled: 1
  m_EditorHideFlags: 0
  m_Script: {fileID: 11500000, guid: cdfe3144267846f4688709eff43d9ade, type: 3}
  m_Name: 
  m_EditorClassIdentifier: 
  gameplayData: {fileID: 11400000, guid: dfa174cfcc069aa4cb50fccfaf8c8b69, type: 2}
  ruleUID: rule_6unique
  activated: 0
  requiredFeatureGate: feature_gate_journal_rule_6unique
  requiredCount: 6
  bonusStar: 3
  title: "\u9605\u5386"
  suffix: "\u81F3\u5C116\u79CD\u4E0D\u540C\u6807\u7B7E"
  showPreview: 1
  previewCount: 3
--- !u!1 &8680920008286827797
GameObject:
  m_ObjectHideFlags: 0
  m_CorrespondingSourceObject: {fileID: 0}
  m_PrefabInstance: {fileID: 0}
  m_PrefabAsset: {fileID: 0}
  serializedVersion: 6
  m_Component:
  - component: {fileID: 8680920008286827798}
  - component: {fileID: 8680920008286827799}
  - component: {fileID: 8680920008286827880}
  - component: {fileID: 8680920008286827882}
  m_Layer: 0
  m_Name: Journal
  m_TagString: Untagged
  m_Icon: {fileID: 0}
  m_NavMeshLayer: 0
  m_StaticEditorFlags: 0
  m_IsActive: 1
--- !u!4 &8680920008286827798
Transform:
  m_ObjectHideFlags: 0
  m_CorrespondingSourceObject: {fileID: 0}
  m_PrefabInstance: {fileID: 0}
  m_PrefabAsset: {fileID: 0}
  m_GameObject: {fileID: 8680920008286827797}
  m_LocalRotation: {x: 0, y: 0, z: 0, w: 1}
  m_LocalPosition: {x: 0, y: 0, z: 0}
  m_LocalScale: {x: 1, y: 1, z: 1}
  m_Children:
  - {fileID: 8680920008160318388}
  m_Father: {fileID: 0}
  m_RootOrder: 0
  m_LocalEulerAnglesHint: {x: 0, y: 0, z: 0}
--- !u!114 &8680920008286827799
MonoBehaviour:
  m_ObjectHideFlags: 0
  m_CorrespondingSourceObject: {fileID: 0}
  m_PrefabInstance: {fileID: 0}
  m_PrefabAsset: {fileID: 0}
  m_GameObject: {fileID: 8680920008286827797}
  m_Enabled: 1
  m_EditorHideFlags: 0
  m_Script: {fileID: 11500000, guid: a558d48b21740b045b5e6766f6e198ee, type: 3}
  m_Name: 
  m_EditorClassIdentifier: 
  gameplayData: {fileID: 11400000, guid: dfa174cfcc069aa4cb50fccfaf8c8b69, type: 2}
  endSessionData: {fileID: 11400000, guid: 29384fbee31484343b24b4a181bd20e8, type: 2}
  allKeywords: {fileID: 11400000, guid: e11ef8b131ec5e04d9a27a8e99c816be, type: 2}
  rulesetHub: {fileID: 8680920008286827880}
  prefixPool: {fileID: 11400000, guid: 3ecf2d01687b7714b87f89d008c35f91, type: 2}
  eventJournalUIInit: {fileID: 11400000, guid: 7609b8f4a48357d44b6d00e0a9ef46d7, type: 2}
  eventJournalSelected: {fileID: 11400000, guid: 0bd0615e3171be346ae55ab472d5d55f,
    type: 2}
  eventJournalTokenAdded: {fileID: 11400000, guid: 948eef24b6ff819409e05c8383330240,
    type: 2}
  eventJournalUpdated: {fileID: 11400000, guid: 14a350527761e0b47a12b040dc050c33,
    type: 2}
  eventJournalRewardReady: {fileID: 11400000, guid: 65b3996ed73021e4f963a59587f82da1,
    type: 2}
  eventJournalForcePopup: {fileID: 11400000, guid: 69c30759c952f234ea04a60d23c1147f,
    type: 2}
--- !u!114 &8680920008286827880
MonoBehaviour:
  m_ObjectHideFlags: 0
  m_CorrespondingSourceObject: {fileID: 0}
  m_PrefabInstance: {fileID: 0}
  m_PrefabAsset: {fileID: 0}
  m_GameObject: {fileID: 8680920008286827797}
  m_Enabled: 1
  m_EditorHideFlags: 0
  m_Script: {fileID: 11500000, guid: 979e3eb5f234c8541b21a437ad49352c, type: 3}
  m_Name: 
  m_EditorClassIdentifier: 
  rulesetHolder: {fileID: 8680920008160318387}
  gameplayData: {fileID: 11400000, guid: dfa174cfcc069aa4cb50fccfaf8c8b69, type: 2}
  staticRuleset:
  - rule_totalstar
  - rule_natural
  - rule_animal
  - rule_geo
  - rule_feeling
  - rule_3basic
  - rule_4season
  - rule_combo_spring
  - rule_combo_summer
  - rule_combo_autumn
  - rule_combo_winter
  - rule_rare
  - rule_god
  - rule_lore
  - rule_add_star
  - rule_6unique
  - rule_structure
  ruleset: []
--- !u!114 &8680920008286827882
MonoBehaviour:
  m_ObjectHideFlags: 0
  m_CorrespondingSourceObject: {fileID: 0}
  m_PrefabInstance: {fileID: 0}
  m_PrefabAsset: {fileID: 0}
  m_GameObject: {fileID: 8680920008286827797}
  m_Enabled: 1
  m_EditorHideFlags: 0
  m_Script: {fileID: 11500000, guid: 3f2740e98c7466c429f799e3d7f76839, type: 3}
  m_Name: 
  m_EditorClassIdentifier: 
  Events:
  - Event: {fileID: 11400000, guid: b76c2d21747c238498c4d4c8063520eb, type: 2}
    Response:
      m_PersistentCalls:
        m_Calls:
        - m_Target: {fileID: 8680920008286827799}
          m_MethodName: JournalGameplayInit
          m_Mode: 1
          m_Arguments:
            m_ObjectArgument: {fileID: 0}
            m_ObjectArgumentAssemblyTypeName: UnityEngine.Object, UnityEngine
            m_IntArgument: 0
            m_FloatArgument: 0
            m_StringArgument: 
            m_BoolArgument: 0
          m_CallState: 2
  - Event: {fileID: 11400000, guid: 18313ff2baa2e80439f2b3c91838ac80, type: 2}
    Response:
      m_PersistentCalls:
        m_Calls:
        - m_Target: {fileID: 8680920008286827799}
          m_MethodName: JournalGameplayReset
          m_Mode: 1
          m_Arguments:
            m_ObjectArgument: {fileID: 0}
            m_ObjectArgumentAssemblyTypeName: UnityEngine.Object, UnityEngine
            m_IntArgument: 0
            m_FloatArgument: 0
            m_StringArgument: 
            m_BoolArgument: 0
          m_CallState: 2
