%YAML 1.1
%TAG !u! tag:unity3d.com,2011:
--- !u!1 &296245704728684366
GameObject:
  m_ObjectHideFlags: 0
  m_CorrespondingSourceObject: {fileID: 0}
  m_PrefabInstance: {fileID: 0}
  m_PrefabAsset: {fileID: 0}
  serializedVersion: 6
  m_Component:
  - component: {fileID: 3190653903350262823}
  - component: {fileID: 1824918017752306167}
  - component: {fileID: 2832875074130260679}
  m_Layer: 5
  m_Name: cloud 5
  m_TagString: Untagged
  m_Icon: {fileID: 0}
  m_NavMeshLayer: 0
  m_StaticEditorFlags: 0
  m_IsActive: 1
--- !u!224 &3190653903350262823
RectTransform:
  m_ObjectHideFlags: 0
  m_CorrespondingSourceObject: {fileID: 0}
  m_PrefabInstance: {fileID: 0}
  m_PrefabAsset: {fileID: 0}
  m_GameObject: {fileID: 296245704728684366}
  m_LocalRotation: {x: 0, y: 0, z: 0, w: 1}
  m_LocalPosition: {x: 0, y: 0, z: 0}
  m_LocalScale: {x: 1, y: 1, z: 1}
  m_Children: []
  m_Father: {fileID: 8836709294515599680}
  m_RootOrder: 6
  m_LocalEulerAnglesHint: {x: 0, y: 0, z: 0}
  m_AnchorMin: {x: 0.5, y: 0.5}
  m_AnchorMax: {x: 0.5, y: 0.5}
  m_AnchoredPosition: {x: 134, y: -106}
  m_SizeDelta: {x: 306, y: 90}
  m_Pivot: {x: 0.5, y: 0.5}
--- !u!222 &1824918017752306167
CanvasRenderer:
  m_ObjectHideFlags: 0
  m_CorrespondingSourceObject: {fileID: 0}
  m_PrefabInstance: {fileID: 0}
  m_PrefabAsset: {fileID: 0}
  m_GameObject: {fileID: 296245704728684366}
  m_CullTransparentMesh: 0
--- !u!114 &2832875074130260679
MonoBehaviour:
  m_ObjectHideFlags: 0
  m_CorrespondingSourceObject: {fileID: 0}
  m_PrefabInstance: {fileID: 0}
  m_PrefabAsset: {fileID: 0}
  m_GameObject: {fileID: 296245704728684366}
  m_Enabled: 1
  m_EditorHideFlags: 0
  m_Script: {fileID: 11500000, guid: fe87c0e1cc204ed48ad3b37840f39efc, type: 3}
  m_Name: 
  m_EditorClassIdentifier: 
  m_Material: {fileID: 0}
  m_Color: {r: 1, g: 1, b: 1, a: 1}
  m_RaycastTarget: 0
  m_Maskable: 1
  m_OnCullStateChanged:
    m_PersistentCalls:
      m_Calls: []
  m_Sprite: {fileID: 21300000, guid: e7e8c6425e41a3840bbf534af42f9fb5, type: 3}
  m_Type: 0
  m_PreserveAspect: 0
  m_FillCenter: 1
  m_FillMethod: 4
  m_FillAmount: 1
  m_FillClockwise: 1
  m_FillOrigin: 0
  m_UseSpriteMesh: 0
  m_PixelsPerUnitMultiplier: 1
--- !u!1 &299528249902136481
GameObject:
  m_ObjectHideFlags: 0
  m_CorrespondingSourceObject: {fileID: 0}
  m_PrefabInstance: {fileID: 0}
  m_PrefabAsset: {fileID: 0}
  serializedVersion: 6
  m_Component:
  - component: {fileID: 9153743763083033327}
  m_Layer: 5
  m_Name: cloud 4 pos
  m_TagString: Untagged
  m_Icon: {fileID: 0}
  m_NavMeshLayer: 0
  m_StaticEditorFlags: 0
  m_IsActive: 1
--- !u!224 &9153743763083033327
RectTransform:
  m_ObjectHideFlags: 0
  m_CorrespondingSourceObject: {fileID: 0}
  m_PrefabInstance: {fileID: 0}
  m_PrefabAsset: {fileID: 0}
  m_GameObject: {fileID: 299528249902136481}
  m_LocalRotation: {x: -0, y: -0, z: -0, w: 1}
  m_LocalPosition: {x: 0, y: 0, z: 0}
  m_LocalScale: {x: 1, y: 1, z: 1}
  m_Children: []
  m_Father: {fileID: 7825982519740266953}
  m_RootOrder: 3
  m_LocalEulerAnglesHint: {x: 0, y: 0, z: 0}
  m_AnchorMin: {x: 0.5, y: 0.5}
  m_AnchorMax: {x: 0.5, y: 0.5}
  m_AnchoredPosition: {x: -86, y: -163}
  m_SizeDelta: {x: 0, y: 0}
  m_Pivot: {x: 0.5, y: 0.5}
--- !u!1 &2062166861444129282
GameObject:
  m_ObjectHideFlags: 0
  m_CorrespondingSourceObject: {fileID: 0}
  m_PrefabInstance: {fileID: 0}
  m_PrefabAsset: {fileID: 0}
  serializedVersion: 6
  m_Component:
  - component: {fileID: 295570687988334887}
  - component: {fileID: 7579031377674070644}
  - component: {fileID: 4295353977207426754}
  m_Layer: 5
  m_Name: effect_frame
  m_TagString: Untagged
  m_Icon: {fileID: 0}
  m_NavMeshLayer: 0
  m_StaticEditorFlags: 0
  m_IsActive: 1
--- !u!224 &295570687988334887
RectTransform:
  m_ObjectHideFlags: 0
  m_CorrespondingSourceObject: {fileID: 0}
  m_PrefabInstance: {fileID: 0}
  m_PrefabAsset: {fileID: 0}
  m_GameObject: {fileID: 2062166861444129282}
  m_LocalRotation: {x: -0, y: -0, z: -0, w: 1}
  m_LocalPosition: {x: 0, y: 0, z: 0}
  m_LocalScale: {x: 1, y: 1, z: 1}
  m_Children:
  - {fileID: 3031641123665424312}
  m_Father: {fileID: 4058155008089427410}
  m_RootOrder: 0
  m_LocalEulerAnglesHint: {x: 0, y: 0, z: 0}
  m_AnchorMin: {x: 0.5, y: 0.5}
  m_AnchorMax: {x: 0.5, y: 0.5}
  m_AnchoredPosition: {x: 0, y: 0}
  m_SizeDelta: {x: 1920, y: 600}
  m_Pivot: {x: 0.5, y: 0.5}
--- !u!222 &7579031377674070644
CanvasRenderer:
  m_ObjectHideFlags: 0
  m_CorrespondingSourceObject: {fileID: 0}
  m_PrefabInstance: {fileID: 0}
  m_PrefabAsset: {fileID: 0}
  m_GameObject: {fileID: 2062166861444129282}
  m_CullTransparentMesh: 0
--- !u!114 &4295353977207426754
MonoBehaviour:
  m_ObjectHideFlags: 0
  m_CorrespondingSourceObject: {fileID: 0}
  m_PrefabInstance: {fileID: 0}
  m_PrefabAsset: {fileID: 0}
  m_GameObject: {fileID: 2062166861444129282}
  m_Enabled: 1
  m_EditorHideFlags: 0
  m_Script: {fileID: 11500000, guid: fe87c0e1cc204ed48ad3b37840f39efc, type: 3}
  m_Name: 
  m_EditorClassIdentifier: 
  m_Material: {fileID: 0}
  m_Color: {r: 1, g: 1, b: 1, a: 1}
  m_RaycastTarget: 0
  m_Maskable: 1
  m_OnCullStateChanged:
    m_PersistentCalls:
      m_Calls: []
  m_Sprite: {fileID: 21300000, guid: 8da027de786dfd74f93712b21ef3d995, type: 3}
  m_Type: 0
  m_PreserveAspect: 0
  m_FillCenter: 1
  m_FillMethod: 4
  m_FillAmount: 1
  m_FillClockwise: 1
  m_FillOrigin: 0
  m_UseSpriteMesh: 0
  m_PixelsPerUnitMultiplier: 1
--- !u!1 &2644607537326442659
GameObject:
  m_ObjectHideFlags: 0
  m_CorrespondingSourceObject: {fileID: 0}
  m_PrefabInstance: {fileID: 0}
  m_PrefabAsset: {fileID: 0}
  serializedVersion: 6
  m_Component:
  - component: {fileID: 8836709294515599680}
  m_Layer: 5
  m_Name: collectible_group
  m_TagString: Untagged
  m_Icon: {fileID: 0}
  m_NavMeshLayer: 0
  m_StaticEditorFlags: 0
  m_IsActive: 1
--- !u!224 &8836709294515599680
RectTransform:
  m_ObjectHideFlags: 0
  m_CorrespondingSourceObject: {fileID: 0}
  m_PrefabInstance: {fileID: 0}
  m_PrefabAsset: {fileID: 0}
  m_GameObject: {fileID: 2644607537326442659}
  m_LocalRotation: {x: -0, y: -0, z: -0, w: 1}
  m_LocalPosition: {x: 0, y: 0, z: 0}
  m_LocalScale: {x: 1, y: 1, z: 1}
  m_Children:
  - {fileID: 1783704878720178004}
  - {fileID: 7825982519740266953}
  - {fileID: 1290703652446637384}
  - {fileID: 3526605604170765579}
  - {fileID: 5159348501359966955}
  - {fileID: 4224110458952368487}
  - {fileID: 3190653903350262823}
  m_Father: {fileID: 4058155008089427410}
  m_RootOrder: 1
  m_LocalEulerAnglesHint: {x: 0, y: 0, z: 0}
  m_AnchorMin: {x: 0.5, y: 0.5}
  m_AnchorMax: {x: 0.5, y: 0.5}
  m_AnchoredPosition: {x: 0, y: 0}
  m_SizeDelta: {x: 1920, y: 600}
  m_Pivot: {x: 0.5, y: 0.5}
--- !u!1 &2735500326990456204
GameObject:
  m_ObjectHideFlags: 0
  m_CorrespondingSourceObject: {fileID: 0}
  m_PrefabInstance: {fileID: 0}
  m_PrefabAsset: {fileID: 0}
  serializedVersion: 6
  m_Component:
  - component: {fileID: 4224110458952368487}
  - component: {fileID: 1379848380493165671}
  - component: {fileID: 5844598860759861647}
  m_Layer: 5
  m_Name: cloud 4
  m_TagString: Untagged
  m_Icon: {fileID: 0}
  m_NavMeshLayer: 0
  m_StaticEditorFlags: 0
  m_IsActive: 1
--- !u!224 &4224110458952368487
RectTransform:
  m_ObjectHideFlags: 0
  m_CorrespondingSourceObject: {fileID: 0}
  m_PrefabInstance: {fileID: 0}
  m_PrefabAsset: {fileID: 0}
  m_GameObject: {fileID: 2735500326990456204}
  m_LocalRotation: {x: 0, y: 0, z: 0, w: 1}
  m_LocalPosition: {x: 0, y: 0, z: 0}
  m_LocalScale: {x: 1, y: 1, z: 1}
  m_Children: []
  m_Father: {fileID: 8836709294515599680}
  m_RootOrder: 5
  m_LocalEulerAnglesHint: {x: 0, y: 0, z: 0}
  m_AnchorMin: {x: 0.5, y: 0.5}
  m_AnchorMax: {x: 0.5, y: 0.5}
  m_AnchoredPosition: {x: -86, y: -163}
  m_SizeDelta: {x: 339, y: 100}
  m_Pivot: {x: 0.5, y: 0.5}
--- !u!222 &1379848380493165671
CanvasRenderer:
  m_ObjectHideFlags: 0
  m_CorrespondingSourceObject: {fileID: 0}
  m_PrefabInstance: {fileID: 0}
  m_PrefabAsset: {fileID: 0}
  m_GameObject: {fileID: 2735500326990456204}
  m_CullTransparentMesh: 0
--- !u!114 &5844598860759861647
MonoBehaviour:
  m_ObjectHideFlags: 0
  m_CorrespondingSourceObject: {fileID: 0}
  m_PrefabInstance: {fileID: 0}
  m_PrefabAsset: {fileID: 0}
  m_GameObject: {fileID: 2735500326990456204}
  m_Enabled: 1
  m_EditorHideFlags: 0
  m_Script: {fileID: 11500000, guid: fe87c0e1cc204ed48ad3b37840f39efc, type: 3}
  m_Name: 
  m_EditorClassIdentifier: 
  m_Material: {fileID: 0}
  m_Color: {r: 1, g: 1, b: 1, a: 1}
  m_RaycastTarget: 0
  m_Maskable: 1
  m_OnCullStateChanged:
    m_PersistentCalls:
      m_Calls: []
  m_Sprite: {fileID: 21300000, guid: aabab924a86463844921fc79f8f072f4, type: 3}
  m_Type: 0
  m_PreserveAspect: 0
  m_FillCenter: 1
  m_FillMethod: 4
  m_FillAmount: 1
  m_FillClockwise: 1
  m_FillOrigin: 0
  m_UseSpriteMesh: 0
  m_PixelsPerUnitMultiplier: 1
--- !u!1 &2975923342557126939
GameObject:
  m_ObjectHideFlags: 0
  m_CorrespondingSourceObject: {fileID: 0}
  m_PrefabInstance: {fileID: 0}
  m_PrefabAsset: {fileID: 0}
  serializedVersion: 6
  m_Component:
  - component: {fileID: 8070476108059557384}
  - component: {fileID: 1765339225409496385}
  - component: {fileID: 7949446906487780075}
  - component: {fileID: 821761078396347864}
  m_Layer: 5
  m_Name: text_mask
  m_TagString: Untagged
  m_Icon: {fileID: 0}
  m_NavMeshLayer: 0
  m_StaticEditorFlags: 0
  m_IsActive: 1
--- !u!224 &8070476108059557384
RectTransform:
  m_ObjectHideFlags: 0
  m_CorrespondingSourceObject: {fileID: 0}
  m_PrefabInstance: {fileID: 0}
  m_PrefabAsset: {fileID: 0}
  m_GameObject: {fileID: 2975923342557126939}
  m_LocalRotation: {x: -0, y: -0, z: -0, w: 1}
  m_LocalPosition: {x: 0, y: 0, z: 0}
  m_LocalScale: {x: 1, y: 1, z: 1}
  m_Children:
  - {fileID: 3044949032766593179}
  m_Father: {fileID: 1783704878720178004}
  m_RootOrder: 1
  m_LocalEulerAnglesHint: {x: 0, y: 0, z: 0}
  m_AnchorMin: {x: 0.5, y: 0.5}
  m_AnchorMax: {x: 0.5, y: 0.5}
  m_AnchoredPosition: {x: -180, y: 0}
  m_SizeDelta: {x: 60, y: 180}
  m_Pivot: {x: 0.5, y: 0.5}
--- !u!114 &1765339225409496385
MonoBehaviour:
  m_ObjectHideFlags: 0
  m_CorrespondingSourceObject: {fileID: 0}
  m_PrefabInstance: {fileID: 0}
  m_PrefabAsset: {fileID: 0}
  m_GameObject: {fileID: 2975923342557126939}
  m_Enabled: 1
  m_EditorHideFlags: 0
  m_Script: {fileID: 11500000, guid: 31a19414c41e5ae4aae2af33fee712f6, type: 3}
  m_Name: 
  m_EditorClassIdentifier: 
  m_ShowMaskGraphic: 0
--- !u!222 &7949446906487780075
CanvasRenderer:
  m_ObjectHideFlags: 0
  m_CorrespondingSourceObject: {fileID: 0}
  m_PrefabInstance: {fileID: 0}
  m_PrefabAsset: {fileID: 0}
  m_GameObject: {fileID: 2975923342557126939}
  m_CullTransparentMesh: 0
--- !u!114 &821761078396347864
MonoBehaviour:
  m_ObjectHideFlags: 0
  m_CorrespondingSourceObject: {fileID: 0}
  m_PrefabInstance: {fileID: 0}
  m_PrefabAsset: {fileID: 0}
  m_GameObject: {fileID: 2975923342557126939}
  m_Enabled: 1
  m_EditorHideFlags: 0
  m_Script: {fileID: 11500000, guid: fe87c0e1cc204ed48ad3b37840f39efc, type: 3}
  m_Name: 
  m_EditorClassIdentifier: 
  m_Material: {fileID: 0}
  m_Color: {r: 1, g: 1, b: 1, a: 1}
  m_RaycastTarget: 1
  m_Maskable: 1
  m_OnCullStateChanged:
    m_PersistentCalls:
      m_Calls: []
  m_Sprite: {fileID: 21300000, guid: 6221f496e55072b46bd9e5fdfcc955de, type: 3}
  m_Type: 3
  m_PreserveAspect: 0
  m_FillCenter: 1
  m_FillMethod: 1
  m_FillAmount: 1
  m_FillClockwise: 1
  m_FillOrigin: 1
  m_UseSpriteMesh: 0
  m_PixelsPerUnitMultiplier: 1
--- !u!1 &3313883344977852347
GameObject:
  m_ObjectHideFlags: 0
  m_CorrespondingSourceObject: {fileID: 0}
  m_PrefabInstance: {fileID: 0}
  m_PrefabAsset: {fileID: 0}
  serializedVersion: 6
  m_Component:
  - component: {fileID: 260583115734852093}
  m_Layer: 5
  m_Name: cloud 1 pos
  m_TagString: Untagged
  m_Icon: {fileID: 0}
  m_NavMeshLayer: 0
  m_StaticEditorFlags: 0
  m_IsActive: 1
--- !u!224 &260583115734852093
RectTransform:
  m_ObjectHideFlags: 0
  m_CorrespondingSourceObject: {fileID: 0}
  m_PrefabInstance: {fileID: 0}
  m_PrefabAsset: {fileID: 0}
  m_GameObject: {fileID: 3313883344977852347}
  m_LocalRotation: {x: -0, y: -0, z: -0, w: 1}
  m_LocalPosition: {x: 0, y: 0, z: 0}
  m_LocalScale: {x: 1, y: 1, z: 1}
  m_Children: []
  m_Father: {fileID: 7825982519740266953}
  m_RootOrder: 0
  m_LocalEulerAnglesHint: {x: 0, y: 0, z: 0}
  m_AnchorMin: {x: 0.5, y: 0.5}
  m_AnchorMax: {x: 0.5, y: 0.5}
  m_AnchoredPosition: {x: -101, y: -2}
  m_SizeDelta: {x: 0, y: 0}
  m_Pivot: {x: 0.5, y: 0.5}
--- !u!1 &3697083863227887671
GameObject:
  m_ObjectHideFlags: 0
  m_CorrespondingSourceObject: {fileID: 0}
  m_PrefabInstance: {fileID: 0}
  m_PrefabAsset: {fileID: 0}
  serializedVersion: 6
  m_Component:
  - component: {fileID: 6963989036466819816}
  m_Layer: 5
  m_Name: cloud 3 pos
  m_TagString: Untagged
  m_Icon: {fileID: 0}
  m_NavMeshLayer: 0
  m_StaticEditorFlags: 0
  m_IsActive: 1
--- !u!224 &6963989036466819816
RectTransform:
  m_ObjectHideFlags: 0
  m_CorrespondingSourceObject: {fileID: 0}
  m_PrefabInstance: {fileID: 0}
  m_PrefabAsset: {fileID: 0}
  m_GameObject: {fileID: 3697083863227887671}
  m_LocalRotation: {x: -0, y: -0, z: -0, w: 1}
  m_LocalPosition: {x: 0, y: 0, z: 0}
  m_LocalScale: {x: 1, y: 1, z: 1}
  m_Children: []
  m_Father: {fileID: 7825982519740266953}
  m_RootOrder: 2
  m_LocalEulerAnglesHint: {x: 0, y: 0, z: 0}
  m_AnchorMin: {x: 0.5, y: 0.5}
  m_AnchorMax: {x: 0.5, y: 0.5}
  m_AnchoredPosition: {x: -84, y: 186}
  m_SizeDelta: {x: 0, y: 0}
  m_Pivot: {x: 0.5, y: 0.5}
--- !u!1 &4871111807895171397
GameObject:
  m_ObjectHideFlags: 0
  m_CorrespondingSourceObject: {fileID: 0}
  m_PrefabInstance: {fileID: 0}
  m_PrefabAsset: {fileID: 0}
  serializedVersion: 6
  m_Component:
  - component: {fileID: 4058155008089427410}
  m_Layer: 5
  m_Name: content
  m_TagString: Untagged
  m_Icon: {fileID: 0}
  m_NavMeshLayer: 0
  m_StaticEditorFlags: 0
  m_IsActive: 1
--- !u!224 &4058155008089427410
RectTransform:
  m_ObjectHideFlags: 0
  m_CorrespondingSourceObject: {fileID: 0}
  m_PrefabInstance: {fileID: 0}
  m_PrefabAsset: {fileID: 0}
  m_GameObject: {fileID: 4871111807895171397}
  m_LocalRotation: {x: 0, y: 0, z: 0, w: 1}
  m_LocalPosition: {x: 0, y: 0, z: 0}
  m_LocalScale: {x: 1, y: 1, z: 1}
  m_Children:
  - {fileID: 295570687988334887}
  - {fileID: 8836709294515599680}
  m_Father: {fileID: 5609203984217220909}
  m_RootOrder: 0
  m_LocalEulerAnglesHint: {x: 0, y: 0, z: 0}
  m_AnchorMin: {x: 0, y: 0}
  m_AnchorMax: {x: 1, y: 1}
  m_AnchoredPosition: {x: 0, y: 0}
  m_SizeDelta: {x: 0, y: 0}
  m_Pivot: {x: 0.5, y: 0.5}
--- !u!1 &5109693192791540106
GameObject:
  m_ObjectHideFlags: 0
  m_CorrespondingSourceObject: {fileID: 0}
  m_PrefabInstance: {fileID: 0}
  m_PrefabAsset: {fileID: 0}
  serializedVersion: 6
  m_Component:
  - component: {fileID: 3526605604170765579}
  - component: {fileID: 3986401245440840638}
  - component: {fileID: 7983815144182340877}
  m_Layer: 5
  m_Name: cloud 2
  m_TagString: Untagged
  m_Icon: {fileID: 0}
  m_NavMeshLayer: 0
  m_StaticEditorFlags: 0
  m_IsActive: 1
--- !u!224 &3526605604170765579
RectTransform:
  m_ObjectHideFlags: 0
  m_CorrespondingSourceObject: {fileID: 0}
  m_PrefabInstance: {fileID: 0}
  m_PrefabAsset: {fileID: 0}
  m_GameObject: {fileID: 5109693192791540106}
  m_LocalRotation: {x: 0, y: 0, z: 0, w: 1}
  m_LocalPosition: {x: 0, y: 0, z: 0}
  m_LocalScale: {x: 1, y: 1, z: 1}
  m_Children: []
  m_Father: {fileID: 8836709294515599680}
  m_RootOrder: 3
  m_LocalEulerAnglesHint: {x: 0, y: 0, z: 0}
  m_AnchorMin: {x: 0.5, y: 0.5}
  m_AnchorMax: {x: 0.5, y: 0.5}
  m_AnchoredPosition: {x: 82, y: 99}
  m_SizeDelta: {x: 415, y: 147}
  m_Pivot: {x: 0.5, y: 0.5}
--- !u!222 &3986401245440840638
CanvasRenderer:
  m_ObjectHideFlags: 0
  m_CorrespondingSourceObject: {fileID: 0}
  m_PrefabInstance: {fileID: 0}
  m_PrefabAsset: {fileID: 0}
  m_GameObject: {fileID: 5109693192791540106}
  m_CullTransparentMesh: 0
--- !u!114 &7983815144182340877
MonoBehaviour:
  m_ObjectHideFlags: 0
  m_CorrespondingSourceObject: {fileID: 0}
  m_PrefabInstance: {fileID: 0}
  m_PrefabAsset: {fileID: 0}
  m_GameObject: {fileID: 5109693192791540106}
  m_Enabled: 1
  m_EditorHideFlags: 0
  m_Script: {fileID: 11500000, guid: fe87c0e1cc204ed48ad3b37840f39efc, type: 3}
  m_Name: 
  m_EditorClassIdentifier: 
  m_Material: {fileID: 0}
  m_Color: {r: 1, g: 1, b: 1, a: 1}
  m_RaycastTarget: 0
  m_Maskable: 1
  m_OnCullStateChanged:
    m_PersistentCalls:
      m_Calls: []
  m_Sprite: {fileID: 21300000, guid: eeb834dc2d91b194ca41c2f357d1be6e, type: 3}
  m_Type: 0
  m_PreserveAspect: 0
  m_FillCenter: 1
  m_FillMethod: 4
  m_FillAmount: 1
  m_FillClockwise: 1
  m_FillOrigin: 0
  m_UseSpriteMesh: 0
  m_PixelsPerUnitMultiplier: 1
--- !u!1 &5248787966352267094
GameObject:
  m_ObjectHideFlags: 0
  m_CorrespondingSourceObject: {fileID: 0}
  m_PrefabInstance: {fileID: 0}
  m_PrefabAsset: {fileID: 0}
  serializedVersion: 6
  m_Component:
  - component: {fileID: 8503456554013185882}
  m_Layer: 5
  m_Name: cloud 2 pos
  m_TagString: Untagged
  m_Icon: {fileID: 0}
  m_NavMeshLayer: 0
  m_StaticEditorFlags: 0
  m_IsActive: 1
--- !u!224 &8503456554013185882
RectTransform:
  m_ObjectHideFlags: 0
  m_CorrespondingSourceObject: {fileID: 0}
  m_PrefabInstance: {fileID: 0}
  m_PrefabAsset: {fileID: 0}
  m_GameObject: {fileID: 5248787966352267094}
  m_LocalRotation: {x: -0, y: -0, z: -0, w: 1}
  m_LocalPosition: {x: 0, y: 0, z: 0}
  m_LocalScale: {x: 1, y: 1, z: 1}
  m_Children: []
  m_Father: {fileID: 7825982519740266953}
  m_RootOrder: 1
  m_LocalEulerAnglesHint: {x: 0, y: 0, z: 0}
  m_AnchorMin: {x: 0.5, y: 0.5}
  m_AnchorMax: {x: 0.5, y: 0.5}
  m_AnchoredPosition: {x: 82, y: 99}
  m_SizeDelta: {x: 0, y: 0}
  m_Pivot: {x: 0.5, y: 0.5}
--- !u!1 &6879937577978433088
GameObject:
  m_ObjectHideFlags: 0
  m_CorrespondingSourceObject: {fileID: 0}
  m_PrefabInstance: {fileID: 0}
  m_PrefabAsset: {fileID: 0}
  serializedVersion: 6
  m_Component:
  - component: {fileID: 1783704878720178004}
  m_Layer: 5
  m_Name: collectible_xl
  m_TagString: Untagged
  m_Icon: {fileID: 0}
  m_NavMeshLayer: 0
  m_StaticEditorFlags: 0
  m_IsActive: 1
--- !u!224 &1783704878720178004
RectTransform:
  m_ObjectHideFlags: 0
  m_CorrespondingSourceObject: {fileID: 0}
  m_PrefabInstance: {fileID: 0}
  m_PrefabAsset: {fileID: 0}
  m_GameObject: {fileID: 6879937577978433088}
  m_LocalRotation: {x: -0, y: -0, z: -0, w: 1}
  m_LocalPosition: {x: 0, y: 0, z: 0}
  m_LocalScale: {x: 1, y: 1, z: 1}
  m_Children:
  - {fileID: 681538498557162448}
  - {fileID: 8070476108059557384}
  - {fileID: 1174374077197980457}
  - {fileID: 5914563115681990756}
  - {fileID: 927988104226253301}
  - {fileID: 5387709244667025430}
  m_Father: {fileID: 8836709294515599680}
  m_RootOrder: 0
  m_LocalEulerAnglesHint: {x: 0, y: 0, z: 0}
  m_AnchorMin: {x: 0.5, y: 0.5}
  m_AnchorMax: {x: 0.5, y: 0.5}
  m_AnchoredPosition: {x: 0, y: 0}
  m_SizeDelta: {x: 520, y: 520}
  m_Pivot: {x: 0.5, y: 0.5}
--- !u!1 &7139298442053484891
GameObject:
  m_ObjectHideFlags: 0
  m_CorrespondingSourceObject: {fileID: 0}
  m_PrefabInstance: {fileID: 0}
  m_PrefabAsset: {fileID: 0}
  serializedVersion: 6
  m_Component:
  - component: {fileID: 1290703652446637384}
  - component: {fileID: 6241620908717728116}
  - component: {fileID: 4895423920626058469}
  m_Layer: 5
  m_Name: cloud 1
  m_TagString: Untagged
  m_Icon: {fileID: 0}
  m_NavMeshLayer: 0
  m_StaticEditorFlags: 0
  m_IsActive: 1
--- !u!224 &1290703652446637384
RectTransform:
  m_ObjectHideFlags: 0
  m_CorrespondingSourceObject: {fileID: 0}
  m_PrefabInstance: {fileID: 0}
  m_PrefabAsset: {fileID: 0}
  m_GameObject: {fileID: 7139298442053484891}
  m_LocalRotation: {x: 0, y: 0, z: 0, w: 1}
  m_LocalPosition: {x: 0, y: 0, z: 0}
  m_LocalScale: {x: 1, y: 1, z: 1}
  m_Children: []
  m_Father: {fileID: 8836709294515599680}
  m_RootOrder: 2
  m_LocalEulerAnglesHint: {x: 0, y: 0, z: 0}
  m_AnchorMin: {x: 0.5, y: 0.5}
  m_AnchorMax: {x: 0.5, y: 0.5}
  m_AnchoredPosition: {x: -101, y: -2}
  m_SizeDelta: {x: 519, y: 190}
  m_Pivot: {x: 0.5, y: 0.5}
--- !u!222 &6241620908717728116
CanvasRenderer:
  m_ObjectHideFlags: 0
  m_CorrespondingSourceObject: {fileID: 0}
  m_PrefabInstance: {fileID: 0}
  m_PrefabAsset: {fileID: 0}
  m_GameObject: {fileID: 7139298442053484891}
  m_CullTransparentMesh: 0
--- !u!114 &4895423920626058469
MonoBehaviour:
  m_ObjectHideFlags: 0
  m_CorrespondingSourceObject: {fileID: 0}
  m_PrefabInstance: {fileID: 0}
  m_PrefabAsset: {fileID: 0}
  m_GameObject: {fileID: 7139298442053484891}
  m_Enabled: 1
  m_EditorHideFlags: 0
  m_Script: {fileID: 11500000, guid: fe87c0e1cc204ed48ad3b37840f39efc, type: 3}
  m_Name: 
  m_EditorClassIdentifier: 
  m_Material: {fileID: 0}
  m_Color: {r: 1, g: 1, b: 1, a: 1}
  m_RaycastTarget: 0
  m_Maskable: 1
  m_OnCullStateChanged:
    m_PersistentCalls:
      m_Calls: []
  m_Sprite: {fileID: 21300000, guid: cfdca295659ad5040997ddf77c99bf30, type: 3}
  m_Type: 0
  m_PreserveAspect: 0
  m_FillCenter: 1
  m_FillMethod: 4
  m_FillAmount: 1
  m_FillClockwise: 1
  m_FillOrigin: 0
  m_UseSpriteMesh: 0
  m_PixelsPerUnitMultiplier: 1
--- !u!1 &7652042671698191729
GameObject:
  m_ObjectHideFlags: 0
  m_CorrespondingSourceObject: {fileID: 0}
  m_PrefabInstance: {fileID: 0}
  m_PrefabAsset: {fileID: 0}
  serializedVersion: 6
  m_Component:
  - component: {fileID: 7825982519740266953}
  m_Layer: 5
  m_Name: pos
  m_TagString: Untagged
  m_Icon: {fileID: 0}
  m_NavMeshLayer: 0
  m_StaticEditorFlags: 0
  m_IsActive: 1
--- !u!224 &7825982519740266953
RectTransform:
  m_ObjectHideFlags: 0
  m_CorrespondingSourceObject: {fileID: 0}
  m_PrefabInstance: {fileID: 0}
  m_PrefabAsset: {fileID: 0}
  m_GameObject: {fileID: 7652042671698191729}
  m_LocalRotation: {x: 0, y: 0, z: 0, w: 1}
  m_LocalPosition: {x: 0, y: 0, z: 0}
  m_LocalScale: {x: 1, y: 1, z: 1}
  m_Children:
  - {fileID: 260583115734852093}
  - {fileID: 8503456554013185882}
  - {fileID: 6963989036466819816}
  - {fileID: 9153743763083033327}
  - {fileID: 1792749355008062587}
  m_Father: {fileID: 8836709294515599680}
  m_RootOrder: 1
  m_LocalEulerAnglesHint: {x: 0, y: 0, z: 0}
  m_AnchorMin: {x: 0, y: 0}
  m_AnchorMax: {x: 1, y: 1}
  m_AnchoredPosition: {x: 0, y: 0}
  m_SizeDelta: {x: 0, y: 0}
  m_Pivot: {x: 0.5, y: 0.5}
--- !u!1 &8178736793030640652
GameObject:
  m_ObjectHideFlags: 0
  m_CorrespondingSourceObject: {fileID: 0}
  m_PrefabInstance: {fileID: 0}
  m_PrefabAsset: {fileID: 0}
  serializedVersion: 6
  m_Component:
  - component: {fileID: 5609203984217220909}
  - component: {fileID: 8332649526844165316}
  m_Layer: 5
  m_Name: CollectibleAcquisitionEffect
  m_TagString: Untagged
  m_Icon: {fileID: 0}
  m_NavMeshLayer: 0
  m_StaticEditorFlags: 0
  m_IsActive: 1
--- !u!224 &5609203984217220909
RectTransform:
  m_ObjectHideFlags: 0
  m_CorrespondingSourceObject: {fileID: 0}
  m_PrefabInstance: {fileID: 0}
  m_PrefabAsset: {fileID: 0}
  m_GameObject: {fileID: 8178736793030640652}
  m_LocalRotation: {x: 0, y: 0, z: 0, w: 1}
  m_LocalPosition: {x: 0, y: 0, z: 0}
  m_LocalScale: {x: 1, y: 1, z: 1}
  m_Children:
  - {fileID: 4058155008089427410}
  m_Father: {fileID: 0}
  m_RootOrder: 0
  m_LocalEulerAnglesHint: {x: 0, y: 0, z: 0}
  m_AnchorMin: {x: 0.5, y: 0.5}
  m_AnchorMax: {x: 0.5, y: 0.5}
  m_AnchoredPosition: {x: 0, y: 0}
  m_SizeDelta: {x: 1920, y: 600}
  m_Pivot: {x: 0.5, y: 0.5}
--- !u!114 &8332649526844165316
MonoBehaviour:
  m_ObjectHideFlags: 0
  m_CorrespondingSourceObject: {fileID: 0}
  m_PrefabInstance: {fileID: 0}
  m_PrefabAsset: {fileID: 0}
  m_GameObject: {fileID: 8178736793030640652}
  m_Enabled: 1
  m_EditorHideFlags: 0
  m_Script: {fileID: 11500000, guid: ed94ab4012b01174a868bba95058cf4c, type: 3}
  m_Name: 
  m_EditorClassIdentifier: 
  collectibleUID: 
  ArtMaskColor: {r: 0.7921569, g: 0.8509804, b: 0.8784314, a: 1}
  inPlay: 0
  content: {fileID: 4871111807895171397}
  collectible_group: {fileID: 2644607537326442659}
  collectible: {fileID: 6879937577978433088}
  art: {fileID: 28719396585641053}
  art_frame: {fileID: 8077844289232502336}
  art_mask: {fileID: 6685418998928212906}
  collectibleName: {fileID: 287321079098623921}
  text_mask: {fileID: 821761078396347864}
  star: {fileID: 744646970095104132}
  tags:
  - {fileID: 6010932903921595540}
  - {fileID: 1239500836560596953}
  - {fileID: 5748784327418023496}
  effect_frame: {fileID: 4295353977207426754}
  clouds:
  - {fileID: 4895423920626058469}
  - {fileID: 7983815144182340877}
  - {fileID: 3078561954064666135}
  - {fileID: 5844598860759861647}
  - {fileID: 2832875074130260679}
  cloud_pos:
  - {fileID: 260583115734852093}
  - {fileID: 8503456554013185882}
  - {fileID: 6963989036466819816}
  - {fileID: 9153743763083033327}
  - {fileID: 1792749355008062587}
  cloud_move_x:
  - -200
  - 240
  - -300
  - -180
  - 280
  EventReleaseCaptions: {fileID: 11400000, guid: e7685ae3e5f8b9f4da78943cf7dc5512,
    type: 2}
  FRAME_EXPAND_TIME: 0.5
  CLOUD_MOVE_TIME: 2.5
  INFO_REVEAL_TIME: 1.5
  COLLECT_FLY_TIME: 1
  journalEntry: {fileID: 0}
--- !u!1 &8535787214034445860
GameObject:
  m_ObjectHideFlags: 0
  m_CorrespondingSourceObject: {fileID: 0}
  m_PrefabInstance: {fileID: 0}
  m_PrefabAsset: {fileID: 0}
  serializedVersion: 6
  m_Component:
  - component: {fileID: 1792749355008062587}
  m_Layer: 5
  m_Name: cloud 5 pos
  m_TagString: Untagged
  m_Icon: {fileID: 0}
  m_NavMeshLayer: 0
  m_StaticEditorFlags: 0
  m_IsActive: 1
--- !u!224 &1792749355008062587
RectTransform:
  m_ObjectHideFlags: 0
  m_CorrespondingSourceObject: {fileID: 0}
  m_PrefabInstance: {fileID: 0}
  m_PrefabAsset: {fileID: 0}
  m_GameObject: {fileID: 8535787214034445860}
  m_LocalRotation: {x: -0, y: -0, z: -0, w: 1}
  m_LocalPosition: {x: 0, y: 0, z: 0}
  m_LocalScale: {x: 1, y: 1, z: 1}
  m_Children: []
  m_Father: {fileID: 7825982519740266953}
  m_RootOrder: 4
  m_LocalEulerAnglesHint: {x: 0, y: 0, z: 0}
  m_AnchorMin: {x: 0.5, y: 0.5}
  m_AnchorMax: {x: 0.5, y: 0.5}
  m_AnchoredPosition: {x: 134, y: -106}
  m_SizeDelta: {x: 0, y: 0}
  m_Pivot: {x: 0.5, y: 0.5}
--- !u!1 &8536768374182935561
GameObject:
  m_ObjectHideFlags: 0
  m_CorrespondingSourceObject: {fileID: 0}
  m_PrefabInstance: {fileID: 0}
  m_PrefabAsset: {fileID: 0}
  serializedVersion: 6
  m_Component:
  - component: {fileID: 5159348501359966955}
  - component: {fileID: 6613160129878262620}
  - component: {fileID: 3078561954064666135}
  m_Layer: 5
  m_Name: cloud 3
  m_TagString: Untagged
  m_Icon: {fileID: 0}
  m_NavMeshLayer: 0
  m_StaticEditorFlags: 0
  m_IsActive: 1
--- !u!224 &5159348501359966955
RectTransform:
  m_ObjectHideFlags: 0
  m_CorrespondingSourceObject: {fileID: 0}
  m_PrefabInstance: {fileID: 0}
  m_PrefabAsset: {fileID: 0}
  m_GameObject: {fileID: 8536768374182935561}
  m_LocalRotation: {x: 0, y: 0, z: 0, w: 1}
  m_LocalPosition: {x: 0, y: 0, z: 0}
  m_LocalScale: {x: 1, y: 1, z: 1}
  m_Children: []
  m_Father: {fileID: 8836709294515599680}
  m_RootOrder: 4
  m_LocalEulerAnglesHint: {x: 0, y: 0, z: 0}
  m_AnchorMin: {x: 0.5, y: 0.5}
  m_AnchorMax: {x: 0.5, y: 0.5}
  m_AnchoredPosition: {x: -84, y: 186}
  m_SizeDelta: {x: 431, y: 131}
  m_Pivot: {x: 0.5, y: 0.5}
--- !u!222 &6613160129878262620
CanvasRenderer:
  m_ObjectHideFlags: 0
  m_CorrespondingSourceObject: {fileID: 0}
  m_PrefabInstance: {fileID: 0}
  m_PrefabAsset: {fileID: 0}
  m_GameObject: {fileID: 8536768374182935561}
  m_CullTransparentMesh: 0
--- !u!114 &3078561954064666135
MonoBehaviour:
  m_ObjectHideFlags: 0
  m_CorrespondingSourceObject: {fileID: 0}
  m_PrefabInstance: {fileID: 0}
  m_PrefabAsset: {fileID: 0}
  m_GameObject: {fileID: 8536768374182935561}
  m_Enabled: 1
  m_EditorHideFlags: 0
  m_Script: {fileID: 11500000, guid: fe87c0e1cc204ed48ad3b37840f39efc, type: 3}
  m_Name: 
  m_EditorClassIdentifier: 
  m_Material: {fileID: 0}
  m_Color: {r: 1, g: 1, b: 1, a: 1}
  m_RaycastTarget: 0
  m_Maskable: 1
  m_OnCullStateChanged:
    m_PersistentCalls:
      m_Calls: []
  m_Sprite: {fileID: 21300000, guid: 490c7d5317c017f4aae850612ac01370, type: 3}
  m_Type: 0
  m_PreserveAspect: 0
  m_FillCenter: 1
  m_FillMethod: 4
  m_FillAmount: 1
  m_FillClockwise: 1
  m_FillOrigin: 0
  m_UseSpriteMesh: 0
  m_PixelsPerUnitMultiplier: 1
--- !u!1001 &130838257749531984
PrefabInstance:
  m_ObjectHideFlags: 0
  serializedVersion: 2
  m_Modification:
    m_TransformParent: {fileID: 1783704878720178004}
    m_Modifications:
    - target: {fileID: 1476872296836631584, guid: d9f415e75ade4c04db1743f22306cb0a,
        type: 3}
      propertyPath: m_Name
      value: tag_l 2
      objectReference: {fileID: 0}
    - target: {fileID: 6036067473058125108, guid: d9f415e75ade4c04db1743f22306cb0a,
        type: 3}
      propertyPath: m_LocalPosition.x
      value: 0
      objectReference: {fileID: 0}
    - target: {fileID: 6036067473058125108, guid: d9f415e75ade4c04db1743f22306cb0a,
        type: 3}
      propertyPath: m_LocalPosition.y
      value: 0
      objectReference: {fileID: 0}
    - target: {fileID: 6036067473058125108, guid: d9f415e75ade4c04db1743f22306cb0a,
        type: 3}
      propertyPath: m_LocalPosition.z
      value: 0
      objectReference: {fileID: 0}
    - target: {fileID: 6036067473058125108, guid: d9f415e75ade4c04db1743f22306cb0a,
        type: 3}
      propertyPath: m_LocalRotation.x
      value: -0
      objectReference: {fileID: 0}
    - target: {fileID: 6036067473058125108, guid: d9f415e75ade4c04db1743f22306cb0a,
        type: 3}
      propertyPath: m_LocalRotation.y
      value: -0
      objectReference: {fileID: 0}
    - target: {fileID: 6036067473058125108, guid: d9f415e75ade4c04db1743f22306cb0a,
        type: 3}
      propertyPath: m_LocalRotation.z
      value: -0
      objectReference: {fileID: 0}
    - target: {fileID: 6036067473058125108, guid: d9f415e75ade4c04db1743f22306cb0a,
        type: 3}
      propertyPath: m_LocalRotation.w
      value: 1
      objectReference: {fileID: 0}
    - target: {fileID: 6036067473058125108, guid: d9f415e75ade4c04db1743f22306cb0a,
        type: 3}
      propertyPath: m_RootOrder
      value: 3
      objectReference: {fileID: 0}
    - target: {fileID: 6036067473058125108, guid: d9f415e75ade4c04db1743f22306cb0a,
        type: 3}
      propertyPath: m_LocalEulerAnglesHint.x
      value: 0
      objectReference: {fileID: 0}
    - target: {fileID: 6036067473058125108, guid: d9f415e75ade4c04db1743f22306cb0a,
        type: 3}
      propertyPath: m_LocalEulerAnglesHint.y
      value: 0
      objectReference: {fileID: 0}
    - target: {fileID: 6036067473058125108, guid: d9f415e75ade4c04db1743f22306cb0a,
        type: 3}
      propertyPath: m_LocalEulerAnglesHint.z
      value: 0
      objectReference: {fileID: 0}
    - target: {fileID: 6036067473058125108, guid: d9f415e75ade4c04db1743f22306cb0a,
        type: 3}
      propertyPath: m_AnchoredPosition.x
      value: 0
      objectReference: {fileID: 0}
    - target: {fileID: 6036067473058125108, guid: d9f415e75ade4c04db1743f22306cb0a,
        type: 3}
      propertyPath: m_AnchoredPosition.y
      value: -240
      objectReference: {fileID: 0}
    - target: {fileID: 6036067473058125108, guid: d9f415e75ade4c04db1743f22306cb0a,
        type: 3}
      propertyPath: m_SizeDelta.x
      value: 80
      objectReference: {fileID: 0}
    - target: {fileID: 6036067473058125108, guid: d9f415e75ade4c04db1743f22306cb0a,
        type: 3}
      propertyPath: m_SizeDelta.y
      value: 45
      objectReference: {fileID: 0}
    - target: {fileID: 6036067473058125108, guid: d9f415e75ade4c04db1743f22306cb0a,
        type: 3}
      propertyPath: m_AnchorMin.x
      value: 0.5
      objectReference: {fileID: 0}
    - target: {fileID: 6036067473058125108, guid: d9f415e75ade4c04db1743f22306cb0a,
        type: 3}
      propertyPath: m_AnchorMin.y
      value: 0.5
      objectReference: {fileID: 0}
    - target: {fileID: 6036067473058125108, guid: d9f415e75ade4c04db1743f22306cb0a,
        type: 3}
      propertyPath: m_AnchorMax.x
      value: 0.5
      objectReference: {fileID: 0}
    - target: {fileID: 6036067473058125108, guid: d9f415e75ade4c04db1743f22306cb0a,
        type: 3}
      propertyPath: m_AnchorMax.y
      value: 0.5
      objectReference: {fileID: 0}
    - target: {fileID: 6036067473058125108, guid: d9f415e75ade4c04db1743f22306cb0a,
        type: 3}
      propertyPath: m_Pivot.x
      value: 0.5
      objectReference: {fileID: 0}
    - target: {fileID: 6036067473058125108, guid: d9f415e75ade4c04db1743f22306cb0a,
        type: 3}
      propertyPath: m_Pivot.y
      value: 0.5
      objectReference: {fileID: 0}
    - target: {fileID: 6036067473058125108, guid: d9f415e75ade4c04db1743f22306cb0a,
        type: 3}
      propertyPath: m_LocalScale.x
      value: 2
      objectReference: {fileID: 0}
    - target: {fileID: 6036067473058125108, guid: d9f415e75ade4c04db1743f22306cb0a,
        type: 3}
      propertyPath: m_LocalScale.y
      value: 2
      objectReference: {fileID: 0}
    m_RemovedComponents: []
  m_SourcePrefab: {fileID: 100100000, guid: d9f415e75ade4c04db1743f22306cb0a, type: 3}
--- !u!224 &5914563115681990756 stripped
RectTransform:
  m_CorrespondingSourceObject: {fileID: 6036067473058125108, guid: d9f415e75ade4c04db1743f22306cb0a,
    type: 3}
  m_PrefabInstance: {fileID: 130838257749531984}
  m_PrefabAsset: {fileID: 0}
--- !u!114 &1239500836560596953 stripped
MonoBehaviour:
  m_CorrespondingSourceObject: {fileID: 1216890826195432073, guid: d9f415e75ade4c04db1743f22306cb0a,
    type: 3}
  m_PrefabInstance: {fileID: 130838257749531984}
  m_PrefabAsset: {fileID: 0}
  m_GameObject: {fileID: 0}
  m_Enabled: 1
  m_EditorHideFlags: 0
  m_Script: {fileID: 11500000, guid: 599c33457cd0ebd46b43f3845567455f, type: 3}
  m_Name: 
  m_EditorClassIdentifier: 
--- !u!1001 &1654186771983468831
PrefabInstance:
  m_ObjectHideFlags: 0
  serializedVersion: 2
  m_Modification:
    m_TransformParent: {fileID: 1783704878720178004}
    m_Modifications:
    - target: {fileID: 1626593559024966978, guid: 5fe4a6cf22d51cb4d94e9ce50768f5ad,
        type: 3}
      propertyPath: m_Sprite
      value: 
      objectReference: {fileID: -1843595678163001336, guid: 0567a15be670cc141a0763b3c2e3497b,
        type: 3}
    - target: {fileID: 2270260328626993871, guid: 5fe4a6cf22d51cb4d94e9ce50768f5ad,
        type: 3}
      propertyPath: m_LocalPosition.x
      value: 0
      objectReference: {fileID: 0}
    - target: {fileID: 2270260328626993871, guid: 5fe4a6cf22d51cb4d94e9ce50768f5ad,
        type: 3}
      propertyPath: m_LocalPosition.y
      value: 0
      objectReference: {fileID: 0}
    - target: {fileID: 2270260328626993871, guid: 5fe4a6cf22d51cb4d94e9ce50768f5ad,
        type: 3}
      propertyPath: m_LocalPosition.z
      value: 0
      objectReference: {fileID: 0}
    - target: {fileID: 2270260328626993871, guid: 5fe4a6cf22d51cb4d94e9ce50768f5ad,
        type: 3}
      propertyPath: m_LocalRotation.x
      value: -0
      objectReference: {fileID: 0}
    - target: {fileID: 2270260328626993871, guid: 5fe4a6cf22d51cb4d94e9ce50768f5ad,
        type: 3}
      propertyPath: m_LocalRotation.y
      value: -0
      objectReference: {fileID: 0}
    - target: {fileID: 2270260328626993871, guid: 5fe4a6cf22d51cb4d94e9ce50768f5ad,
        type: 3}
      propertyPath: m_LocalRotation.z
      value: -0
      objectReference: {fileID: 0}
    - target: {fileID: 2270260328626993871, guid: 5fe4a6cf22d51cb4d94e9ce50768f5ad,
        type: 3}
      propertyPath: m_LocalRotation.w
      value: 1
      objectReference: {fileID: 0}
    - target: {fileID: 2270260328626993871, guid: 5fe4a6cf22d51cb4d94e9ce50768f5ad,
        type: 3}
      propertyPath: m_RootOrder
      value: 0
      objectReference: {fileID: 0}
    - target: {fileID: 2270260328626993871, guid: 5fe4a6cf22d51cb4d94e9ce50768f5ad,
        type: 3}
      propertyPath: m_LocalEulerAnglesHint.x
      value: 0
      objectReference: {fileID: 0}
    - target: {fileID: 2270260328626993871, guid: 5fe4a6cf22d51cb4d94e9ce50768f5ad,
        type: 3}
      propertyPath: m_LocalEulerAnglesHint.y
      value: 0
      objectReference: {fileID: 0}
    - target: {fileID: 2270260328626993871, guid: 5fe4a6cf22d51cb4d94e9ce50768f5ad,
        type: 3}
      propertyPath: m_LocalEulerAnglesHint.z
      value: 0
      objectReference: {fileID: 0}
    - target: {fileID: 2270260328626993871, guid: 5fe4a6cf22d51cb4d94e9ce50768f5ad,
        type: 3}
      propertyPath: m_AnchoredPosition.x
      value: 0
      objectReference: {fileID: 0}
    - target: {fileID: 2270260328626993871, guid: 5fe4a6cf22d51cb4d94e9ce50768f5ad,
        type: 3}
      propertyPath: m_AnchoredPosition.y
      value: 0
      objectReference: {fileID: 0}
    - target: {fileID: 2270260328626993871, guid: 5fe4a6cf22d51cb4d94e9ce50768f5ad,
        type: 3}
      propertyPath: m_SizeDelta.x
      value: 500
      objectReference: {fileID: 0}
    - target: {fileID: 2270260328626993871, guid: 5fe4a6cf22d51cb4d94e9ce50768f5ad,
        type: 3}
      propertyPath: m_SizeDelta.y
      value: 500
      objectReference: {fileID: 0}
    - target: {fileID: 2270260328626993871, guid: 5fe4a6cf22d51cb4d94e9ce50768f5ad,
        type: 3}
      propertyPath: m_AnchorMin.x
      value: 0.5
      objectReference: {fileID: 0}
    - target: {fileID: 2270260328626993871, guid: 5fe4a6cf22d51cb4d94e9ce50768f5ad,
        type: 3}
      propertyPath: m_AnchorMin.y
      value: 0.5
      objectReference: {fileID: 0}
    - target: {fileID: 2270260328626993871, guid: 5fe4a6cf22d51cb4d94e9ce50768f5ad,
        type: 3}
      propertyPath: m_AnchorMax.x
      value: 0.5
      objectReference: {fileID: 0}
    - target: {fileID: 2270260328626993871, guid: 5fe4a6cf22d51cb4d94e9ce50768f5ad,
        type: 3}
      propertyPath: m_AnchorMax.y
      value: 0.5
      objectReference: {fileID: 0}
    - target: {fileID: 2270260328626993871, guid: 5fe4a6cf22d51cb4d94e9ce50768f5ad,
        type: 3}
      propertyPath: m_Pivot.x
      value: 0.5
      objectReference: {fileID: 0}
    - target: {fileID: 2270260328626993871, guid: 5fe4a6cf22d51cb4d94e9ce50768f5ad,
        type: 3}
      propertyPath: m_Pivot.y
      value: 0.5
      objectReference: {fileID: 0}
    - target: {fileID: 5065257392012926216, guid: 5fe4a6cf22d51cb4d94e9ce50768f5ad,
        type: 3}
      propertyPath: m_IsActive
      value: 1
      objectReference: {fileID: 0}
    - target: {fileID: 5346823007215684277, guid: 5fe4a6cf22d51cb4d94e9ce50768f5ad,
        type: 3}
      propertyPath: m_Color.a
      value: 1
      objectReference: {fileID: 0}
    - target: {fileID: 5346823007215684277, guid: 5fe4a6cf22d51cb4d94e9ce50768f5ad,
        type: 3}
      propertyPath: m_Color.r
      value: 0.7921569
      objectReference: {fileID: 0}
    - target: {fileID: 5346823007215684277, guid: 5fe4a6cf22d51cb4d94e9ce50768f5ad,
        type: 3}
      propertyPath: m_Color.g
      value: 0.8509804
      objectReference: {fileID: 0}
    - target: {fileID: 5346823007215684277, guid: 5fe4a6cf22d51cb4d94e9ce50768f5ad,
        type: 3}
      propertyPath: m_Color.b
      value: 0.8784314
      objectReference: {fileID: 0}
    - target: {fileID: 5931952730670157415, guid: 5fe4a6cf22d51cb4d94e9ce50768f5ad,
        type: 3}
      propertyPath: m_IsActive
      value: 1
      objectReference: {fileID: 0}
    - target: {fileID: 6339073155949726112, guid: 5fe4a6cf22d51cb4d94e9ce50768f5ad,
        type: 3}
      propertyPath: m_AnchoredPosition.x
      value: 0
      objectReference: {fileID: 0}
    - target: {fileID: 6339073155949726112, guid: 5fe4a6cf22d51cb4d94e9ce50768f5ad,
        type: 3}
      propertyPath: m_SizeDelta.x
      value: 50
      objectReference: {fileID: 0}
    - target: {fileID: 6339073155949726112, guid: 5fe4a6cf22d51cb4d94e9ce50768f5ad,
        type: 3}
      propertyPath: m_AnchoredPosition.y
      value: 0
      objectReference: {fileID: 0}
    - target: {fileID: 6339073155949726112, guid: 5fe4a6cf22d51cb4d94e9ce50768f5ad,
        type: 3}
      propertyPath: m_SizeDelta.y
      value: 50
      objectReference: {fileID: 0}
    - target: {fileID: 6357703164829000667, guid: 5fe4a6cf22d51cb4d94e9ce50768f5ad,
        type: 3}
      propertyPath: m_Name
      value: view_l
      objectReference: {fileID: 0}
    - target: {fileID: 7342353646243823661, guid: 5fe4a6cf22d51cb4d94e9ce50768f5ad,
        type: 3}
      propertyPath: m_IsActive
      value: 1
      objectReference: {fileID: 0}
    m_RemovedComponents: []
  m_SourcePrefab: {fileID: 100100000, guid: 5fe4a6cf22d51cb4d94e9ce50768f5ad, type: 3}
--- !u!114 &8077844289232502336 stripped
MonoBehaviour:
  m_CorrespondingSourceObject: {fileID: 7417039977280141151, guid: 5fe4a6cf22d51cb4d94e9ce50768f5ad,
    type: 3}
  m_PrefabInstance: {fileID: 1654186771983468831}
  m_PrefabAsset: {fileID: 0}
  m_GameObject: {fileID: 0}
  m_Enabled: 1
  m_EditorHideFlags: 0
  m_Script: {fileID: 11500000, guid: fe87c0e1cc204ed48ad3b37840f39efc, type: 3}
  m_Name: 
  m_EditorClassIdentifier: 
--- !u!114 &6685418998928212906 stripped
MonoBehaviour:
  m_CorrespondingSourceObject: {fileID: 5346823007215684277, guid: 5fe4a6cf22d51cb4d94e9ce50768f5ad,
    type: 3}
  m_PrefabInstance: {fileID: 1654186771983468831}
  m_PrefabAsset: {fileID: 0}
  m_GameObject: {fileID: 0}
  m_Enabled: 1
  m_EditorHideFlags: 0
  m_Script: {fileID: 11500000, guid: fe87c0e1cc204ed48ad3b37840f39efc, type: 3}
  m_Name: 
  m_EditorClassIdentifier: 
--- !u!114 &28719396585641053 stripped
MonoBehaviour:
  m_CorrespondingSourceObject: {fileID: 1626593559024966978, guid: 5fe4a6cf22d51cb4d94e9ce50768f5ad,
    type: 3}
  m_PrefabInstance: {fileID: 1654186771983468831}
  m_PrefabAsset: {fileID: 0}
  m_GameObject: {fileID: 0}
  m_Enabled: 1
  m_EditorHideFlags: 0
  m_Script: {fileID: 11500000, guid: fe87c0e1cc204ed48ad3b37840f39efc, type: 3}
  m_Name: 
  m_EditorClassIdentifier: 
--- !u!224 &681538498557162448 stripped
RectTransform:
  m_CorrespondingSourceObject: {fileID: 2270260328626993871, guid: 5fe4a6cf22d51cb4d94e9ce50768f5ad,
    type: 3}
  m_PrefabInstance: {fileID: 1654186771983468831}
  m_PrefabAsset: {fileID: 0}
--- !u!1001 &4866240976223159837
PrefabInstance:
  m_ObjectHideFlags: 0
  serializedVersion: 2
  m_Modification:
    m_TransformParent: {fileID: 1783704878720178004}
    m_Modifications:
    - target: {fileID: 1476872296836631584, guid: d9f415e75ade4c04db1743f22306cb0a,
        type: 3}
      propertyPath: m_Name
      value: tag_l 1
      objectReference: {fileID: 0}
    - target: {fileID: 6036067473058125108, guid: d9f415e75ade4c04db1743f22306cb0a,
        type: 3}
      propertyPath: m_LocalPosition.x
      value: 0
      objectReference: {fileID: 0}
    - target: {fileID: 6036067473058125108, guid: d9f415e75ade4c04db1743f22306cb0a,
        type: 3}
      propertyPath: m_LocalPosition.y
      value: 0
      objectReference: {fileID: 0}
    - target: {fileID: 6036067473058125108, guid: d9f415e75ade4c04db1743f22306cb0a,
        type: 3}
      propertyPath: m_LocalPosition.z
      value: 0
      objectReference: {fileID: 0}
    - target: {fileID: 6036067473058125108, guid: d9f415e75ade4c04db1743f22306cb0a,
        type: 3}
      propertyPath: m_LocalRotation.x
      value: 0
      objectReference: {fileID: 0}
    - target: {fileID: 6036067473058125108, guid: d9f415e75ade4c04db1743f22306cb0a,
        type: 3}
      propertyPath: m_LocalRotation.y
      value: 0
      objectReference: {fileID: 0}
    - target: {fileID: 6036067473058125108, guid: d9f415e75ade4c04db1743f22306cb0a,
        type: 3}
      propertyPath: m_LocalRotation.z
      value: 0
      objectReference: {fileID: 0}
    - target: {fileID: 6036067473058125108, guid: d9f415e75ade4c04db1743f22306cb0a,
        type: 3}
      propertyPath: m_LocalRotation.w
      value: 1
      objectReference: {fileID: 0}
    - target: {fileID: 6036067473058125108, guid: d9f415e75ade4c04db1743f22306cb0a,
        type: 3}
      propertyPath: m_RootOrder
      value: 2
      objectReference: {fileID: 0}
    - target: {fileID: 6036067473058125108, guid: d9f415e75ade4c04db1743f22306cb0a,
        type: 3}
      propertyPath: m_LocalEulerAnglesHint.x
      value: 0
      objectReference: {fileID: 0}
    - target: {fileID: 6036067473058125108, guid: d9f415e75ade4c04db1743f22306cb0a,
        type: 3}
      propertyPath: m_LocalEulerAnglesHint.y
      value: 0
      objectReference: {fileID: 0}
    - target: {fileID: 6036067473058125108, guid: d9f415e75ade4c04db1743f22306cb0a,
        type: 3}
      propertyPath: m_LocalEulerAnglesHint.z
      value: 0
      objectReference: {fileID: 0}
    - target: {fileID: 6036067473058125108, guid: d9f415e75ade4c04db1743f22306cb0a,
        type: 3}
      propertyPath: m_AnchoredPosition.x
      value: -190
      objectReference: {fileID: 0}
    - target: {fileID: 6036067473058125108, guid: d9f415e75ade4c04db1743f22306cb0a,
        type: 3}
      propertyPath: m_AnchoredPosition.y
      value: -160
      objectReference: {fileID: 0}
    - target: {fileID: 6036067473058125108, guid: d9f415e75ade4c04db1743f22306cb0a,
        type: 3}
      propertyPath: m_SizeDelta.x
      value: 80
      objectReference: {fileID: 0}
    - target: {fileID: 6036067473058125108, guid: d9f415e75ade4c04db1743f22306cb0a,
        type: 3}
      propertyPath: m_SizeDelta.y
      value: 45
      objectReference: {fileID: 0}
    - target: {fileID: 6036067473058125108, guid: d9f415e75ade4c04db1743f22306cb0a,
        type: 3}
      propertyPath: m_AnchorMin.x
      value: 0.5
      objectReference: {fileID: 0}
    - target: {fileID: 6036067473058125108, guid: d9f415e75ade4c04db1743f22306cb0a,
        type: 3}
      propertyPath: m_AnchorMin.y
      value: 0.5
      objectReference: {fileID: 0}
    - target: {fileID: 6036067473058125108, guid: d9f415e75ade4c04db1743f22306cb0a,
        type: 3}
      propertyPath: m_AnchorMax.x
      value: 0.5
      objectReference: {fileID: 0}
    - target: {fileID: 6036067473058125108, guid: d9f415e75ade4c04db1743f22306cb0a,
        type: 3}
      propertyPath: m_AnchorMax.y
      value: 0.5
      objectReference: {fileID: 0}
    - target: {fileID: 6036067473058125108, guid: d9f415e75ade4c04db1743f22306cb0a,
        type: 3}
      propertyPath: m_Pivot.x
      value: 0.5
      objectReference: {fileID: 0}
    - target: {fileID: 6036067473058125108, guid: d9f415e75ade4c04db1743f22306cb0a,
        type: 3}
      propertyPath: m_Pivot.y
      value: 0.5
      objectReference: {fileID: 0}
    - target: {fileID: 6036067473058125108, guid: d9f415e75ade4c04db1743f22306cb0a,
        type: 3}
      propertyPath: m_LocalScale.x
      value: 2
      objectReference: {fileID: 0}
    - target: {fileID: 6036067473058125108, guid: d9f415e75ade4c04db1743f22306cb0a,
        type: 3}
      propertyPath: m_LocalScale.y
      value: 2
      objectReference: {fileID: 0}
    - target: {fileID: 6036067473058125108, guid: d9f415e75ade4c04db1743f22306cb0a,
        type: 3}
      propertyPath: m_LocalScale.z
      value: 2
      objectReference: {fileID: 0}
    m_RemovedComponents: []
  m_SourcePrefab: {fileID: 100100000, guid: d9f415e75ade4c04db1743f22306cb0a, type: 3}
--- !u!114 &6010932903921595540 stripped
MonoBehaviour:
  m_CorrespondingSourceObject: {fileID: 1216890826195432073, guid: d9f415e75ade4c04db1743f22306cb0a,
    type: 3}
  m_PrefabInstance: {fileID: 4866240976223159837}
  m_PrefabAsset: {fileID: 0}
  m_GameObject: {fileID: 0}
  m_Enabled: 1
  m_EditorHideFlags: 0
  m_Script: {fileID: 11500000, guid: 599c33457cd0ebd46b43f3845567455f, type: 3}
  m_Name: 
  m_EditorClassIdentifier: 
--- !u!224 &1174374077197980457 stripped
RectTransform:
  m_CorrespondingSourceObject: {fileID: 6036067473058125108, guid: d9f415e75ade4c04db1743f22306cb0a,
    type: 3}
  m_PrefabInstance: {fileID: 4866240976223159837}
  m_PrefabAsset: {fileID: 0}
--- !u!1001 &5651967453652325336
PrefabInstance:
  m_ObjectHideFlags: 0
  serializedVersion: 2
  m_Modification:
    m_TransformParent: {fileID: 295570687988334887}
    m_Modifications:
    - target: {fileID: 640440770052087962, guid: a24214dd88235b94b965fe986058e70d,
        type: 3}
      propertyPath: m_Maskable
      value: 0
      objectReference: {fileID: 0}
    - target: {fileID: 1189638435302483016, guid: a24214dd88235b94b965fe986058e70d,
        type: 3}
      propertyPath: m_Name
      value: interactive_zone
      objectReference: {fileID: 0}
    - target: {fileID: 2292146169269878801, guid: a24214dd88235b94b965fe986058e70d,
        type: 3}
      propertyPath: m_Delegates.Array.size
      value: 1
      objectReference: {fileID: 0}
    - target: {fileID: 2292146169269878801, guid: a24214dd88235b94b965fe986058e70d,
        type: 3}
      propertyPath: m_Delegates.Array.data[0].callback.m_PersistentCalls.m_Calls.Array.size
      value: 1
      objectReference: {fileID: 0}
    - target: {fileID: 2292146169269878801, guid: a24214dd88235b94b965fe986058e70d,
        type: 3}
      propertyPath: m_Delegates.Array.data[0].eventID
      value: 4
      objectReference: {fileID: 0}
    - target: {fileID: 2292146169269878801, guid: a24214dd88235b94b965fe986058e70d,
        type: 3}
      propertyPath: m_Delegates.Array.data[0].callback.m_PersistentCalls.m_Calls.Array.data[0].m_Mode
      value: 1
      objectReference: {fileID: 0}
    - target: {fileID: 2292146169269878801, guid: a24214dd88235b94b965fe986058e70d,
        type: 3}
      propertyPath: m_Delegates.Array.data[0].callback.m_PersistentCalls.m_Calls.Array.data[0].m_CallState
      value: 2
      objectReference: {fileID: 0}
    - target: {fileID: 2292146169269878801, guid: a24214dd88235b94b965fe986058e70d,
        type: 3}
      propertyPath: m_Delegates.Array.data[0].callback.m_PersistentCalls.m_Calls.Array.data[0].m_Target
      value: 
      objectReference: {fileID: 8332649526844165316}
    - target: {fileID: 2292146169269878801, guid: a24214dd88235b94b965fe986058e70d,
        type: 3}
      propertyPath: m_Delegates.Array.data[0].callback.m_PersistentCalls.m_Calls.Array.data[0].m_MethodName
      value: EffectSkip
      objectReference: {fileID: 0}
    - target: {fileID: 2292146169269878801, guid: a24214dd88235b94b965fe986058e70d,
        type: 3}
      propertyPath: m_Delegates.Array.data[0].callback.m_PersistentCalls.m_Calls.Array.data[0].m_Arguments.m_ObjectArgumentAssemblyTypeName
      value: UnityEngine.Object, UnityEngine
      objectReference: {fileID: 0}
    - target: {fileID: 7241049320467676256, guid: a24214dd88235b94b965fe986058e70d,
        type: 3}
      propertyPath: m_LocalPosition.x
      value: 0
      objectReference: {fileID: 0}
    - target: {fileID: 7241049320467676256, guid: a24214dd88235b94b965fe986058e70d,
        type: 3}
      propertyPath: m_LocalPosition.y
      value: 0
      objectReference: {fileID: 0}
    - target: {fileID: 7241049320467676256, guid: a24214dd88235b94b965fe986058e70d,
        type: 3}
      propertyPath: m_LocalPosition.z
      value: 0
      objectReference: {fileID: 0}
    - target: {fileID: 7241049320467676256, guid: a24214dd88235b94b965fe986058e70d,
        type: 3}
      propertyPath: m_LocalRotation.x
      value: 0
      objectReference: {fileID: 0}
    - target: {fileID: 7241049320467676256, guid: a24214dd88235b94b965fe986058e70d,
        type: 3}
      propertyPath: m_LocalRotation.y
      value: 0
      objectReference: {fileID: 0}
    - target: {fileID: 7241049320467676256, guid: a24214dd88235b94b965fe986058e70d,
        type: 3}
      propertyPath: m_LocalRotation.z
      value: 0
      objectReference: {fileID: 0}
    - target: {fileID: 7241049320467676256, guid: a24214dd88235b94b965fe986058e70d,
        type: 3}
      propertyPath: m_LocalRotation.w
      value: 1
      objectReference: {fileID: 0}
    - target: {fileID: 7241049320467676256, guid: a24214dd88235b94b965fe986058e70d,
        type: 3}
      propertyPath: m_RootOrder
      value: 0
      objectReference: {fileID: 0}
    - target: {fileID: 7241049320467676256, guid: a24214dd88235b94b965fe986058e70d,
        type: 3}
      propertyPath: m_LocalEulerAnglesHint.x
      value: 0
      objectReference: {fileID: 0}
    - target: {fileID: 7241049320467676256, guid: a24214dd88235b94b965fe986058e70d,
        type: 3}
      propertyPath: m_LocalEulerAnglesHint.y
      value: 0
      objectReference: {fileID: 0}
    - target: {fileID: 7241049320467676256, guid: a24214dd88235b94b965fe986058e70d,
        type: 3}
      propertyPath: m_LocalEulerAnglesHint.z
      value: 0
      objectReference: {fileID: 0}
    - target: {fileID: 7241049320467676256, guid: a24214dd88235b94b965fe986058e70d,
        type: 3}
      propertyPath: m_AnchoredPosition.x
      value: 0
      objectReference: {fileID: 0}
    - target: {fileID: 7241049320467676256, guid: a24214dd88235b94b965fe986058e70d,
        type: 3}
      propertyPath: m_AnchoredPosition.y
      value: 0
      objectReference: {fileID: 0}
    - target: {fileID: 7241049320467676256, guid: a24214dd88235b94b965fe986058e70d,
        type: 3}
      propertyPath: m_SizeDelta.x
      value: 0
      objectReference: {fileID: 0}
    - target: {fileID: 7241049320467676256, guid: a24214dd88235b94b965fe986058e70d,
        type: 3}
      propertyPath: m_SizeDelta.y
      value: 0
      objectReference: {fileID: 0}
    - target: {fileID: 7241049320467676256, guid: a24214dd88235b94b965fe986058e70d,
        type: 3}
      propertyPath: m_AnchorMin.x
      value: 0
      objectReference: {fileID: 0}
    - target: {fileID: 7241049320467676256, guid: a24214dd88235b94b965fe986058e70d,
        type: 3}
      propertyPath: m_AnchorMin.y
      value: 0
      objectReference: {fileID: 0}
    - target: {fileID: 7241049320467676256, guid: a24214dd88235b94b965fe986058e70d,
        type: 3}
      propertyPath: m_AnchorMax.x
      value: 1
      objectReference: {fileID: 0}
    - target: {fileID: 7241049320467676256, guid: a24214dd88235b94b965fe986058e70d,
        type: 3}
      propertyPath: m_AnchorMax.y
      value: 1
      objectReference: {fileID: 0}
    - target: {fileID: 7241049320467676256, guid: a24214dd88235b94b965fe986058e70d,
        type: 3}
      propertyPath: m_Pivot.x
      value: 0.5
      objectReference: {fileID: 0}
    - target: {fileID: 7241049320467676256, guid: a24214dd88235b94b965fe986058e70d,
        type: 3}
      propertyPath: m_Pivot.y
      value: 0.5
      objectReference: {fileID: 0}
    m_RemovedComponents: []
  m_SourcePrefab: {fileID: 100100000, guid: a24214dd88235b94b965fe986058e70d, type: 3}
--- !u!224 &3031641123665424312 stripped
RectTransform:
  m_CorrespondingSourceObject: {fileID: 7241049320467676256, guid: a24214dd88235b94b965fe986058e70d,
    type: 3}
  m_PrefabInstance: {fileID: 5651967453652325336}
  m_PrefabAsset: {fileID: 0}
--- !u!1001 &6855757508759977153
PrefabInstance:
  m_ObjectHideFlags: 0
  serializedVersion: 2
  m_Modification:
    m_TransformParent: {fileID: 1783704878720178004}
    m_Modifications:
    - target: {fileID: 1476872296836631584, guid: d9f415e75ade4c04db1743f22306cb0a,
        type: 3}
      propertyPath: m_Name
      value: tag_l 3
      objectReference: {fileID: 0}
    - target: {fileID: 6036067473058125108, guid: d9f415e75ade4c04db1743f22306cb0a,
        type: 3}
      propertyPath: m_LocalPosition.x
      value: 0
      objectReference: {fileID: 0}
    - target: {fileID: 6036067473058125108, guid: d9f415e75ade4c04db1743f22306cb0a,
        type: 3}
      propertyPath: m_LocalPosition.y
      value: 0
      objectReference: {fileID: 0}
    - target: {fileID: 6036067473058125108, guid: d9f415e75ade4c04db1743f22306cb0a,
        type: 3}
      propertyPath: m_LocalPosition.z
      value: 0
      objectReference: {fileID: 0}
    - target: {fileID: 6036067473058125108, guid: d9f415e75ade4c04db1743f22306cb0a,
        type: 3}
      propertyPath: m_LocalRotation.x
      value: -0
      objectReference: {fileID: 0}
    - target: {fileID: 6036067473058125108, guid: d9f415e75ade4c04db1743f22306cb0a,
        type: 3}
      propertyPath: m_LocalRotation.y
      value: -0
      objectReference: {fileID: 0}
    - target: {fileID: 6036067473058125108, guid: d9f415e75ade4c04db1743f22306cb0a,
        type: 3}
      propertyPath: m_LocalRotation.z
      value: -0
      objectReference: {fileID: 0}
    - target: {fileID: 6036067473058125108, guid: d9f415e75ade4c04db1743f22306cb0a,
        type: 3}
      propertyPath: m_LocalRotation.w
      value: 1
      objectReference: {fileID: 0}
    - target: {fileID: 6036067473058125108, guid: d9f415e75ade4c04db1743f22306cb0a,
        type: 3}
      propertyPath: m_RootOrder
      value: 4
      objectReference: {fileID: 0}
    - target: {fileID: 6036067473058125108, guid: d9f415e75ade4c04db1743f22306cb0a,
        type: 3}
      propertyPath: m_LocalEulerAnglesHint.x
      value: 0
      objectReference: {fileID: 0}
    - target: {fileID: 6036067473058125108, guid: d9f415e75ade4c04db1743f22306cb0a,
        type: 3}
      propertyPath: m_LocalEulerAnglesHint.y
      value: 0
      objectReference: {fileID: 0}
    - target: {fileID: 6036067473058125108, guid: d9f415e75ade4c04db1743f22306cb0a,
        type: 3}
      propertyPath: m_LocalEulerAnglesHint.z
      value: 0
      objectReference: {fileID: 0}
    - target: {fileID: 6036067473058125108, guid: d9f415e75ade4c04db1743f22306cb0a,
        type: 3}
      propertyPath: m_AnchoredPosition.x
      value: 190
      objectReference: {fileID: 0}
    - target: {fileID: 6036067473058125108, guid: d9f415e75ade4c04db1743f22306cb0a,
        type: 3}
      propertyPath: m_AnchoredPosition.y
      value: -160
      objectReference: {fileID: 0}
    - target: {fileID: 6036067473058125108, guid: d9f415e75ade4c04db1743f22306cb0a,
        type: 3}
      propertyPath: m_SizeDelta.x
      value: 80
      objectReference: {fileID: 0}
    - target: {fileID: 6036067473058125108, guid: d9f415e75ade4c04db1743f22306cb0a,
        type: 3}
      propertyPath: m_SizeDelta.y
      value: 45
      objectReference: {fileID: 0}
    - target: {fileID: 6036067473058125108, guid: d9f415e75ade4c04db1743f22306cb0a,
        type: 3}
      propertyPath: m_AnchorMin.x
      value: 0.5
      objectReference: {fileID: 0}
    - target: {fileID: 6036067473058125108, guid: d9f415e75ade4c04db1743f22306cb0a,
        type: 3}
      propertyPath: m_AnchorMin.y
      value: 0.5
      objectReference: {fileID: 0}
    - target: {fileID: 6036067473058125108, guid: d9f415e75ade4c04db1743f22306cb0a,
        type: 3}
      propertyPath: m_AnchorMax.x
      value: 0.5
      objectReference: {fileID: 0}
    - target: {fileID: 6036067473058125108, guid: d9f415e75ade4c04db1743f22306cb0a,
        type: 3}
      propertyPath: m_AnchorMax.y
      value: 0.5
      objectReference: {fileID: 0}
    - target: {fileID: 6036067473058125108, guid: d9f415e75ade4c04db1743f22306cb0a,
        type: 3}
      propertyPath: m_Pivot.x
      value: 0.5
      objectReference: {fileID: 0}
    - target: {fileID: 6036067473058125108, guid: d9f415e75ade4c04db1743f22306cb0a,
        type: 3}
      propertyPath: m_Pivot.y
      value: 0.5
      objectReference: {fileID: 0}
    - target: {fileID: 6036067473058125108, guid: d9f415e75ade4c04db1743f22306cb0a,
        type: 3}
      propertyPath: m_LocalScale.x
      value: 2
      objectReference: {fileID: 0}
    - target: {fileID: 6036067473058125108, guid: d9f415e75ade4c04db1743f22306cb0a,
        type: 3}
      propertyPath: m_LocalScale.y
      value: 2
      objectReference: {fileID: 0}
    - target: {fileID: 6036067473058125108, guid: d9f415e75ade4c04db1743f22306cb0a,
        type: 3}
      propertyPath: m_LocalScale.z
      value: 2
      objectReference: {fileID: 0}
    m_RemovedComponents: []
  m_SourcePrefab: {fileID: 100100000, guid: d9f415e75ade4c04db1743f22306cb0a, type: 3}
--- !u!114 &5748784327418023496 stripped
MonoBehaviour:
  m_CorrespondingSourceObject: {fileID: 1216890826195432073, guid: d9f415e75ade4c04db1743f22306cb0a,
    type: 3}
  m_PrefabInstance: {fileID: 6855757508759977153}
  m_PrefabAsset: {fileID: 0}
  m_GameObject: {fileID: 0}
  m_Enabled: 1
  m_EditorHideFlags: 0
  m_Script: {fileID: 11500000, guid: 599c33457cd0ebd46b43f3845567455f, type: 3}
  m_Name: 
  m_EditorClassIdentifier: 
--- !u!224 &927988104226253301 stripped
RectTransform:
  m_CorrespondingSourceObject: {fileID: 6036067473058125108, guid: d9f415e75ade4c04db1743f22306cb0a,
    type: 3}
  m_PrefabInstance: {fileID: 6855757508759977153}
  m_PrefabAsset: {fileID: 0}
--- !u!1001 &7122270311911055420
PrefabInstance:
  m_ObjectHideFlags: 0
  serializedVersion: 2
  m_Modification:
    m_TransformParent: {fileID: 1783704878720178004}
    m_Modifications:
    - target: {fileID: 2887825645255243818, guid: 66427cddc7e2fd544aa7cfa69ed9eb74,
        type: 3}
      propertyPath: m_LocalPosition.x
      value: 0
      objectReference: {fileID: 0}
    - target: {fileID: 2887825645255243818, guid: 66427cddc7e2fd544aa7cfa69ed9eb74,
        type: 3}
      propertyPath: m_LocalPosition.y
      value: 0
      objectReference: {fileID: 0}
    - target: {fileID: 2887825645255243818, guid: 66427cddc7e2fd544aa7cfa69ed9eb74,
        type: 3}
      propertyPath: m_LocalPosition.z
      value: 0
      objectReference: {fileID: 0}
    - target: {fileID: 2887825645255243818, guid: 66427cddc7e2fd544aa7cfa69ed9eb74,
        type: 3}
      propertyPath: m_LocalRotation.x
      value: -0
      objectReference: {fileID: 0}
    - target: {fileID: 2887825645255243818, guid: 66427cddc7e2fd544aa7cfa69ed9eb74,
        type: 3}
      propertyPath: m_LocalRotation.y
      value: -0
      objectReference: {fileID: 0}
    - target: {fileID: 2887825645255243818, guid: 66427cddc7e2fd544aa7cfa69ed9eb74,
        type: 3}
      propertyPath: m_LocalRotation.z
      value: -0
      objectReference: {fileID: 0}
    - target: {fileID: 2887825645255243818, guid: 66427cddc7e2fd544aa7cfa69ed9eb74,
        type: 3}
      propertyPath: m_LocalRotation.w
      value: 1
      objectReference: {fileID: 0}
    - target: {fileID: 2887825645255243818, guid: 66427cddc7e2fd544aa7cfa69ed9eb74,
        type: 3}
      propertyPath: m_RootOrder
      value: 5
      objectReference: {fileID: 0}
    - target: {fileID: 2887825645255243818, guid: 66427cddc7e2fd544aa7cfa69ed9eb74,
        type: 3}
      propertyPath: m_LocalEulerAnglesHint.x
      value: 0
      objectReference: {fileID: 0}
    - target: {fileID: 2887825645255243818, guid: 66427cddc7e2fd544aa7cfa69ed9eb74,
        type: 3}
      propertyPath: m_LocalEulerAnglesHint.y
      value: 0
      objectReference: {fileID: 0}
    - target: {fileID: 2887825645255243818, guid: 66427cddc7e2fd544aa7cfa69ed9eb74,
        type: 3}
      propertyPath: m_LocalEulerAnglesHint.z
      value: 0
      objectReference: {fileID: 0}
    - target: {fileID: 2887825645255243818, guid: 66427cddc7e2fd544aa7cfa69ed9eb74,
        type: 3}
      propertyPath: m_AnchoredPosition.x
      value: 180
      objectReference: {fileID: 0}
    - target: {fileID: 2887825645255243818, guid: 66427cddc7e2fd544aa7cfa69ed9eb74,
        type: 3}
      propertyPath: m_AnchoredPosition.y
      value: 180
      objectReference: {fileID: 0}
    - target: {fileID: 2887825645255243818, guid: 66427cddc7e2fd544aa7cfa69ed9eb74,
        type: 3}
      propertyPath: m_SizeDelta.x
      value: 78
      objectReference: {fileID: 0}
    - target: {fileID: 2887825645255243818, guid: 66427cddc7e2fd544aa7cfa69ed9eb74,
        type: 3}
      propertyPath: m_SizeDelta.y
      value: 78
      objectReference: {fileID: 0}
    - target: {fileID: 2887825645255243818, guid: 66427cddc7e2fd544aa7cfa69ed9eb74,
        type: 3}
      propertyPath: m_AnchorMin.x
      value: 0.5
      objectReference: {fileID: 0}
    - target: {fileID: 2887825645255243818, guid: 66427cddc7e2fd544aa7cfa69ed9eb74,
        type: 3}
      propertyPath: m_AnchorMin.y
      value: 0.5
      objectReference: {fileID: 0}
    - target: {fileID: 2887825645255243818, guid: 66427cddc7e2fd544aa7cfa69ed9eb74,
        type: 3}
      propertyPath: m_AnchorMax.x
      value: 0.5
      objectReference: {fileID: 0}
    - target: {fileID: 2887825645255243818, guid: 66427cddc7e2fd544aa7cfa69ed9eb74,
        type: 3}
      propertyPath: m_AnchorMax.y
      value: 0.5
      objectReference: {fileID: 0}
    - target: {fileID: 2887825645255243818, guid: 66427cddc7e2fd544aa7cfa69ed9eb74,
        type: 3}
      propertyPath: m_Pivot.x
      value: 0.5
      objectReference: {fileID: 0}
    - target: {fileID: 2887825645255243818, guid: 66427cddc7e2fd544aa7cfa69ed9eb74,
        type: 3}
      propertyPath: m_Pivot.y
      value: 0.5
      objectReference: {fileID: 0}
    - target: {fileID: 2887825645255243818, guid: 66427cddc7e2fd544aa7cfa69ed9eb74,
        type: 3}
      propertyPath: m_LocalScale.x
      value: 2
      objectReference: {fileID: 0}
    - target: {fileID: 2887825645255243818, guid: 66427cddc7e2fd544aa7cfa69ed9eb74,
        type: 3}
      propertyPath: m_LocalScale.y
      value: 2
      objectReference: {fileID: 0}
    - target: {fileID: 2887825645255243818, guid: 66427cddc7e2fd544aa7cfa69ed9eb74,
        type: 3}
      propertyPath: m_LocalScale.z
      value: 2
      objectReference: {fileID: 0}
    - target: {fileID: 8045983074943033662, guid: 66427cddc7e2fd544aa7cfa69ed9eb74,
        type: 3}
      propertyPath: m_Name
      value: star_l
      objectReference: {fileID: 0}
    m_RemovedComponents: []
  m_SourcePrefab: {fileID: 100100000, guid: 66427cddc7e2fd544aa7cfa69ed9eb74, type: 3}
--- !u!114 &744646970095104132 stripped
MonoBehaviour:
  m_CorrespondingSourceObject: {fileID: 7530835950718554296, guid: 66427cddc7e2fd544aa7cfa69ed9eb74,
    type: 3}
  m_PrefabInstance: {fileID: 7122270311911055420}
  m_PrefabAsset: {fileID: 0}
  m_GameObject: {fileID: 0}
  m_Enabled: 1
  m_EditorHideFlags: 0
  m_Script: {fileID: 11500000, guid: baef4d30c6a1d844daa677f5019796b0, type: 3}
  m_Name: 
  m_EditorClassIdentifier: 
--- !u!224 &5387709244667025430 stripped
RectTransform:
  m_CorrespondingSourceObject: {fileID: 2887825645255243818, guid: 66427cddc7e2fd544aa7cfa69ed9eb74,
    type: 3}
  m_PrefabInstance: {fileID: 7122270311911055420}
  m_PrefabAsset: {fileID: 0}
--- !u!1001 &9220717678390770096
PrefabInstance:
  m_ObjectHideFlags: 0
  serializedVersion: 2
  m_Modification:
    m_TransformParent: {fileID: 8070476108059557384}
    m_Modifications:
    - target: {fileID: 6176481156576157992, guid: 768c08e1d0a27e947b9e7258cdfca13a,
        type: 3}
      propertyPath: m_VerticalAlignment
      value: 256
      objectReference: {fileID: 0}
    - target: {fileID: 6176481156576157992, guid: 768c08e1d0a27e947b9e7258cdfca13a,
        type: 3}
      propertyPath: m_fontColor32.rgba
      value: 4278190080
      objectReference: {fileID: 0}
    - target: {fileID: 6176481156576157992, guid: 768c08e1d0a27e947b9e7258cdfca13a,
        type: 3}
      propertyPath: m_fontColor.r
      value: 0
      objectReference: {fileID: 0}
    - target: {fileID: 6176481156576157992, guid: 768c08e1d0a27e947b9e7258cdfca13a,
        type: 3}
      propertyPath: m_fontColor.g
      value: 0
      objectReference: {fileID: 0}
    - target: {fileID: 6176481156576157992, guid: 768c08e1d0a27e947b9e7258cdfca13a,
        type: 3}
      propertyPath: m_fontColor.b
      value: 0
      objectReference: {fileID: 0}
    - target: {fileID: 6176481156576157992, guid: 768c08e1d0a27e947b9e7258cdfca13a,
        type: 3}
      propertyPath: m_fontSize
      value: 32
      objectReference: {fileID: 0}
    - target: {fileID: 6176481156576157992, guid: 768c08e1d0a27e947b9e7258cdfca13a,
        type: 3}
      propertyPath: m_fontSizeBase
      value: 32
      objectReference: {fileID: 0}
    - target: {fileID: 6176481156576157994, guid: 768c08e1d0a27e947b9e7258cdfca13a,
        type: 3}
      propertyPath: m_Name
      value: vertical_s
      objectReference: {fileID: 0}
    - target: {fileID: 6176481156576157995, guid: 768c08e1d0a27e947b9e7258cdfca13a,
        type: 3}
      propertyPath: m_LocalPosition.x
      value: 0
      objectReference: {fileID: 0}
    - target: {fileID: 6176481156576157995, guid: 768c08e1d0a27e947b9e7258cdfca13a,
        type: 3}
      propertyPath: m_LocalPosition.y
      value: 0
      objectReference: {fileID: 0}
    - target: {fileID: 6176481156576157995, guid: 768c08e1d0a27e947b9e7258cdfca13a,
        type: 3}
      propertyPath: m_LocalPosition.z
      value: 0
      objectReference: {fileID: 0}
    - target: {fileID: 6176481156576157995, guid: 768c08e1d0a27e947b9e7258cdfca13a,
        type: 3}
      propertyPath: m_LocalRotation.x
      value: -0
      objectReference: {fileID: 0}
    - target: {fileID: 6176481156576157995, guid: 768c08e1d0a27e947b9e7258cdfca13a,
        type: 3}
      propertyPath: m_LocalRotation.y
      value: -0
      objectReference: {fileID: 0}
    - target: {fileID: 6176481156576157995, guid: 768c08e1d0a27e947b9e7258cdfca13a,
        type: 3}
      propertyPath: m_LocalRotation.z
      value: -0
      objectReference: {fileID: 0}
    - target: {fileID: 6176481156576157995, guid: 768c08e1d0a27e947b9e7258cdfca13a,
        type: 3}
      propertyPath: m_LocalRotation.w
      value: 1
      objectReference: {fileID: 0}
    - target: {fileID: 6176481156576157995, guid: 768c08e1d0a27e947b9e7258cdfca13a,
        type: 3}
      propertyPath: m_RootOrder
      value: 0
      objectReference: {fileID: 0}
    - target: {fileID: 6176481156576157995, guid: 768c08e1d0a27e947b9e7258cdfca13a,
        type: 3}
      propertyPath: m_LocalEulerAnglesHint.x
      value: 0
      objectReference: {fileID: 0}
    - target: {fileID: 6176481156576157995, guid: 768c08e1d0a27e947b9e7258cdfca13a,
        type: 3}
      propertyPath: m_LocalEulerAnglesHint.y
      value: 0
      objectReference: {fileID: 0}
    - target: {fileID: 6176481156576157995, guid: 768c08e1d0a27e947b9e7258cdfca13a,
        type: 3}
      propertyPath: m_LocalEulerAnglesHint.z
      value: 0
      objectReference: {fileID: 0}
    - target: {fileID: 6176481156576157995, guid: 768c08e1d0a27e947b9e7258cdfca13a,
        type: 3}
      propertyPath: m_AnchoredPosition.x
      value: 0
      objectReference: {fileID: 0}
    - target: {fileID: 6176481156576157995, guid: 768c08e1d0a27e947b9e7258cdfca13a,
        type: 3}
      propertyPath: m_AnchoredPosition.y
      value: 0
      objectReference: {fileID: 0}
    - target: {fileID: 6176481156576157995, guid: 768c08e1d0a27e947b9e7258cdfca13a,
        type: 3}
      propertyPath: m_SizeDelta.x
      value: 60
      objectReference: {fileID: 0}
    - target: {fileID: 6176481156576157995, guid: 768c08e1d0a27e947b9e7258cdfca13a,
        type: 3}
      propertyPath: m_SizeDelta.y
      value: 180
      objectReference: {fileID: 0}
    - target: {fileID: 6176481156576157995, guid: 768c08e1d0a27e947b9e7258cdfca13a,
        type: 3}
      propertyPath: m_AnchorMin.x
      value: 0.5
      objectReference: {fileID: 0}
    - target: {fileID: 6176481156576157995, guid: 768c08e1d0a27e947b9e7258cdfca13a,
        type: 3}
      propertyPath: m_AnchorMin.y
      value: 0.5
      objectReference: {fileID: 0}
    - target: {fileID: 6176481156576157995, guid: 768c08e1d0a27e947b9e7258cdfca13a,
        type: 3}
      propertyPath: m_AnchorMax.x
      value: 0.5
      objectReference: {fileID: 0}
    - target: {fileID: 6176481156576157995, guid: 768c08e1d0a27e947b9e7258cdfca13a,
        type: 3}
      propertyPath: m_AnchorMax.y
      value: 0.5
      objectReference: {fileID: 0}
    - target: {fileID: 6176481156576157995, guid: 768c08e1d0a27e947b9e7258cdfca13a,
        type: 3}
      propertyPath: m_Pivot.x
      value: 0.5
      objectReference: {fileID: 0}
    - target: {fileID: 6176481156576157995, guid: 768c08e1d0a27e947b9e7258cdfca13a,
        type: 3}
      propertyPath: m_Pivot.y
      value: 0.5
      objectReference: {fileID: 0}
    m_RemovedComponents: []
  m_SourcePrefab: {fileID: 100100000, guid: 768c08e1d0a27e947b9e7258cdfca13a, type: 3}
--- !u!114 &287321079098623921 stripped
MonoBehaviour:
  m_CorrespondingSourceObject: {fileID: 8938050005500083713, guid: 768c08e1d0a27e947b9e7258cdfca13a,
    type: 3}
  m_PrefabInstance: {fileID: 9220717678390770096}
  m_PrefabAsset: {fileID: 0}
  m_GameObject: {fileID: 0}
  m_Enabled: 1
  m_EditorHideFlags: 0
  m_Script: {fileID: 11500000, guid: 366e5fcf4374db04ca4e6b17b07f10b7, type: 3}
  m_Name: 
  m_EditorClassIdentifier: 
--- !u!224 &3044949032766593179 stripped
RectTransform:
  m_CorrespondingSourceObject: {fileID: 6176481156576157995, guid: 768c08e1d0a27e947b9e7258cdfca13a,
    type: 3}
  m_PrefabInstance: {fileID: 9220717678390770096}
  m_PrefabAsset: {fileID: 0}
