%YAML 1.1
%TAG !u! tag:unity3d.com,2011:
--- !u!1 &1770631811903089805
GameObject:
  m_ObjectHideFlags: 0
  m_CorrespondingSourceObject: {fileID: 0}
  m_PrefabInstance: {fileID: 0}
  m_PrefabAsset: {fileID: 0}
  serializedVersion: 6
  m_Component:
  - component: {fileID: 6886654325162944365}
  - component: {fileID: 3081270727228311479}
  - component: {fileID: 8963158005905706393}
  - component: {fileID: 1418791001727344216}
  m_Layer: 5
  m_Name: Inner_area
  m_TagString: Untagged
  m_Icon: {fileID: 0}
  m_NavMeshLayer: 0
  m_StaticEditorFlags: 0
  m_IsActive: 1
--- !u!224 &6886654325162944365
RectTransform:
  m_ObjectHideFlags: 0
  m_CorrespondingSourceObject: {fileID: 0}
  m_PrefabInstance: {fileID: 0}
  m_PrefabAsset: {fileID: 0}
  m_GameObject: {fileID: 1770631811903089805}
  m_LocalRotation: {x: 0, y: 0, z: 0, w: 1}
  m_LocalPosition: {x: 0, y: 0, z: 0}
  m_LocalScale: {x: 1, y: 1, z: 1}
  m_Children: []
  m_Father: {fileID: 6188161540610534760}
  m_RootOrder: 1
  m_LocalEulerAnglesHint: {x: 0, y: 0, z: 0}
  m_AnchorMin: {x: 0, y: 0}
  m_AnchorMax: {x: 1, y: 1}
  m_AnchoredPosition: {x: -5, y: -290}
  m_SizeDelta: {x: -570, y: -580}
  m_Pivot: {x: 0.5, y: 1}
--- !u!222 &3081270727228311479
CanvasRenderer:
  m_ObjectHideFlags: 0
  m_CorrespondingSourceObject: {fileID: 0}
  m_PrefabInstance: {fileID: 0}
  m_PrefabAsset: {fileID: 0}
  m_GameObject: {fileID: 1770631811903089805}
  m_CullTransparentMesh: 0
--- !u!114 &8963158005905706393
MonoBehaviour:
  m_ObjectHideFlags: 0
  m_CorrespondingSourceObject: {fileID: 0}
  m_PrefabInstance: {fileID: 0}
  m_PrefabAsset: {fileID: 0}
  m_GameObject: {fileID: 1770631811903089805}
  m_Enabled: 1
  m_EditorHideFlags: 0
  m_Script: {fileID: 11500000, guid: fe87c0e1cc204ed48ad3b37840f39efc, type: 3}
  m_Name: 
  m_EditorClassIdentifier: 
  m_Material: {fileID: 0}
  m_Color: {r: 1, g: 1, b: 1, a: 1}
  m_RaycastTarget: 1
  m_Maskable: 1
  m_OnCullStateChanged:
    m_PersistentCalls:
      m_Calls: []
  m_Sprite: {fileID: 21300000, guid: 1d8ff408224a2b142b1ce7ebb4abe9a2, type: 3}
  m_Type: 0
  m_PreserveAspect: 0
  m_FillCenter: 1
  m_FillMethod: 4
  m_FillAmount: 1
  m_FillClockwise: 1
  m_FillOrigin: 0
  m_UseSpriteMesh: 0
  m_PixelsPerUnitMultiplier: 1
--- !u!114 &1418791001727344216
MonoBehaviour:
  m_ObjectHideFlags: 0
  m_CorrespondingSourceObject: {fileID: 0}
  m_PrefabInstance: {fileID: 0}
  m_PrefabAsset: {fileID: 0}
  m_GameObject: {fileID: 1770631811903089805}
  m_Enabled: 1
  m_EditorHideFlags: 0
  m_Script: {fileID: 11500000, guid: d0b148fe25e99eb48b9724523833bab1, type: 3}
  m_Name: 
  m_EditorClassIdentifier: 
  m_Delegates:
  - eventID: 1
    callback:
      m_PersistentCalls:
        m_Calls: []
--- !u!1 &2705287963592244090
GameObject:
  m_ObjectHideFlags: 0
  m_CorrespondingSourceObject: {fileID: 0}
  m_PrefabInstance: {fileID: 0}
  m_PrefabAsset: {fileID: 0}
  serializedVersion: 6
  m_Component:
  - component: {fileID: 6188161540610534760}
  - component: {fileID: 8452635237065489102}
  m_Layer: 5
  m_Name: tooltip_exit_area
  m_TagString: Untagged
  m_Icon: {fileID: 0}
  m_NavMeshLayer: 0
  m_StaticEditorFlags: 0
  m_IsActive: 1
--- !u!224 &6188161540610534760
RectTransform:
  m_ObjectHideFlags: 0
  m_CorrespondingSourceObject: {fileID: 0}
  m_PrefabInstance: {fileID: 0}
  m_PrefabAsset: {fileID: 0}
  m_GameObject: {fileID: 2705287963592244090}
  m_LocalRotation: {x: -0, y: -0, z: -0, w: 1}
  m_LocalPosition: {x: 0, y: 0, z: 0}
  m_LocalScale: {x: 1, y: 1, z: 1}
  m_Children:
  - {fileID: 6606708726416407308}
  - {fileID: 6886654325162944365}
  m_Father: {fileID: 7399550657194488106}
  m_RootOrder: 0
  m_LocalEulerAnglesHint: {x: 0, y: 0, z: 0}
  m_AnchorMin: {x: 0, y: 0}
  m_AnchorMax: {x: 1, y: 1}
  m_AnchoredPosition: {x: -380, y: 0}
  m_SizeDelta: {x: 680, y: 600}
  m_Pivot: {x: 0, y: 0.5}
--- !u!222 &8452635237065489102
CanvasRenderer:
  m_ObjectHideFlags: 0
  m_CorrespondingSourceObject: {fileID: 0}
  m_PrefabInstance: {fileID: 0}
  m_PrefabAsset: {fileID: 0}
  m_GameObject: {fileID: 2705287963592244090}
  m_CullTransparentMesh: 0
--- !u!114 &3261050682334712289
MonoBehaviour:
  m_ObjectHideFlags: 0
  m_CorrespondingSourceObject: {fileID: 0}
  m_PrefabInstance: {fileID: 0}
  m_PrefabAsset: {fileID: 0}
  m_GameObject: {fileID: 3997544431245701083}
  m_Enabled: 1
  m_EditorHideFlags: 0
  m_Script: {fileID: 11500000, guid: d0b148fe25e99eb48b9724523833bab1, type: 3}
  m_Name: 
  m_EditorClassIdentifier: 
  m_Delegates:
  - eventID: 4
    callback:
      m_PersistentCalls:
        m_Calls:
        - m_Target: {fileID: 473496145281350124}
          m_MethodName: btn_hit
          m_Mode: 1
          m_Arguments:
            m_ObjectArgument: {fileID: 0}
            m_ObjectArgumentAssemblyTypeName: UnityEngine.Object, UnityEngine
            m_IntArgument: 0
            m_FloatArgument: 0
            m_StringArgument: 
            m_BoolArgument: 0
          m_CallState: 2
--- !u!114 &7130603015391479607
MonoBehaviour:
  m_ObjectHideFlags: 0
  m_CorrespondingSourceObject: {fileID: 0}
  m_PrefabInstance: {fileID: 0}
  m_PrefabAsset: {fileID: 0}
  m_GameObject: {fileID: 4482139014974436777}
  m_Enabled: 1
  m_EditorHideFlags: 0
  m_Script: {fileID: 11500000, guid: 306cc8c2b49d7114eaa3623786fc2126, type: 3}
  m_Name: 
  m_EditorClassIdentifier: 
  m_IgnoreLayout: 0
  m_MinWidth: -1
  m_MinHeight: 30
  m_PreferredWidth: -1
  m_PreferredHeight: 50
  m_FlexibleWidth: -1
  m_FlexibleHeight: -1
  m_LayoutPriority: 1
--- !u!1 &5106285859168100161
GameObject:
  m_ObjectHideFlags: 0
  m_CorrespondingSourceObject: {fileID: 0}
  m_PrefabInstance: {fileID: 0}
  m_PrefabAsset: {fileID: 0}
  serializedVersion: 6
  m_Component:
  - component: {fileID: 1882852342298487059}
  m_Layer: 5
  m_Name: group_expand
  m_TagString: Untagged
  m_Icon: {fileID: 0}
  m_NavMeshLayer: 0
  m_StaticEditorFlags: 0
  m_IsActive: 1
--- !u!224 &1882852342298487059
RectTransform:
  m_ObjectHideFlags: 0
  m_CorrespondingSourceObject: {fileID: 0}
  m_PrefabInstance: {fileID: 0}
  m_PrefabAsset: {fileID: 0}
  m_GameObject: {fileID: 5106285859168100161}
  m_LocalRotation: {x: 0, y: 0, z: 0, w: 1}
  m_LocalPosition: {x: 0, y: 0, z: 0}
  m_LocalScale: {x: 1, y: 1, z: 1}
  m_Children:
  - {fileID: 7829267001621784866}
  - {fileID: 5149459404343651407}
  m_Father: {fileID: 7399550657194488106}
  m_RootOrder: 1
  m_LocalEulerAnglesHint: {x: 0, y: 0, z: 0}
  m_AnchorMin: {x: 0, y: 0}
  m_AnchorMax: {x: 1, y: 1}
  m_AnchoredPosition: {x: 0, y: 0}
  m_SizeDelta: {x: 0, y: 0}
  m_Pivot: {x: 0, y: 0.5}
--- !u!1 &5269422148248929776
GameObject:
  m_ObjectHideFlags: 0
  m_CorrespondingSourceObject: {fileID: 0}
  m_PrefabInstance: {fileID: 0}
  m_PrefabAsset: {fileID: 0}
  serializedVersion: 6
  m_Component:
  - component: {fileID: 7829267001621784866}
  - component: {fileID: 8655444045837174966}
  - component: {fileID: 9179986395077636298}
  - component: {fileID: 4272787405739172173}
  m_Layer: 5
  m_Name: frame
  m_TagString: Untagged
  m_Icon: {fileID: 0}
  m_NavMeshLayer: 0
  m_StaticEditorFlags: 0
  m_IsActive: 1
--- !u!224 &7829267001621784866
RectTransform:
  m_ObjectHideFlags: 0
  m_CorrespondingSourceObject: {fileID: 0}
  m_PrefabInstance: {fileID: 0}
  m_PrefabAsset: {fileID: 0}
  m_GameObject: {fileID: 5269422148248929776}
  m_LocalRotation: {x: -0, y: -0, z: -0, w: 1}
  m_LocalPosition: {x: 0, y: 0, z: 0}
  m_LocalScale: {x: 1, y: 1, z: 1}
  m_Children: []
  m_Father: {fileID: 1882852342298487059}
  m_RootOrder: 0
  m_LocalEulerAnglesHint: {x: 0, y: 0, z: 0}
  m_AnchorMin: {x: 0.5, y: 0.5}
  m_AnchorMax: {x: 0.5, y: 0.5}
  m_AnchoredPosition: {x: 0, y: 0}
  m_SizeDelta: {x: 273, y: 161}
  m_Pivot: {x: 0.5, y: 0.5}
--- !u!222 &8655444045837174966
CanvasRenderer:
  m_ObjectHideFlags: 0
  m_CorrespondingSourceObject: {fileID: 0}
  m_PrefabInstance: {fileID: 0}
  m_PrefabAsset: {fileID: 0}
  m_GameObject: {fileID: 5269422148248929776}
  m_CullTransparentMesh: 0
--- !u!114 &9179986395077636298
MonoBehaviour:
  m_ObjectHideFlags: 0
  m_CorrespondingSourceObject: {fileID: 0}
  m_PrefabInstance: {fileID: 0}
  m_PrefabAsset: {fileID: 0}
  m_GameObject: {fileID: 5269422148248929776}
  m_Enabled: 1
  m_EditorHideFlags: 0
  m_Script: {fileID: 11500000, guid: fe87c0e1cc204ed48ad3b37840f39efc, type: 3}
  m_Name: 
  m_EditorClassIdentifier: 
  m_Material: {fileID: 0}
  m_Color: {r: 1, g: 1, b: 1, a: 1}
  m_RaycastTarget: 1
  m_Maskable: 1
  m_OnCullStateChanged:
    m_PersistentCalls:
      m_Calls: []
  m_Sprite: {fileID: -1099740407121343546, guid: 03ae290c95f48994e940e94b71a55a02,
    type: 3}
  m_Type: 0
  m_PreserveAspect: 0
  m_FillCenter: 1
  m_FillMethod: 4
  m_FillAmount: 1
  m_FillClockwise: 1
  m_FillOrigin: 0
  m_UseSpriteMesh: 0
  m_PixelsPerUnitMultiplier: 1
--- !u!114 &4272787405739172173
MonoBehaviour:
  m_ObjectHideFlags: 0
  m_CorrespondingSourceObject: {fileID: 0}
  m_PrefabInstance: {fileID: 0}
  m_PrefabAsset: {fileID: 0}
  m_GameObject: {fileID: 5269422148248929776}
  m_Enabled: 1
  m_EditorHideFlags: 0
  m_Script: {fileID: 11500000, guid: cfabb0440166ab443bba8876756fdfa9, type: 3}
  m_Name: 
  m_EditorClassIdentifier: 
  m_EffectColor: {r: 0, g: 0, b: 0, a: 0.5}
  m_EffectDistance: {x: 5, y: -5}
  m_UseGraphicAlpha: 1
--- !u!1 &5415911905280060236
GameObject:
  m_ObjectHideFlags: 0
  m_CorrespondingSourceObject: {fileID: 0}
  m_PrefabInstance: {fileID: 0}
  m_PrefabAsset: {fileID: 0}
  serializedVersion: 6
  m_Component:
  - component: {fileID: 6606708726416407308}
  - component: {fileID: 3951894301526270960}
  - component: {fileID: 5053164645345831979}
  - component: {fileID: 6102216899245147702}
  m_Layer: 5
  m_Name: outer_area
  m_TagString: Untagged
  m_Icon: {fileID: 0}
  m_NavMeshLayer: 0
  m_StaticEditorFlags: 0
  m_IsActive: 1
--- !u!224 &6606708726416407308
RectTransform:
  m_ObjectHideFlags: 0
  m_CorrespondingSourceObject: {fileID: 0}
  m_PrefabInstance: {fileID: 0}
  m_PrefabAsset: {fileID: 0}
  m_GameObject: {fileID: 5415911905280060236}
  m_LocalRotation: {x: 0, y: 0, z: 0, w: 1}
  m_LocalPosition: {x: 0, y: 0, z: 0}
  m_LocalScale: {x: 1, y: 1, z: 1}
  m_Children: []
  m_Father: {fileID: 6188161540610534760}
  m_RootOrder: 0
  m_LocalEulerAnglesHint: {x: 0, y: 0, z: 0}
  m_AnchorMin: {x: 0, y: 0}
  m_AnchorMax: {x: 1, y: 1}
  m_AnchoredPosition: {x: 0, y: 0}
  m_SizeDelta: {x: 0, y: 0}
  m_Pivot: {x: 0.5, y: 1}
--- !u!222 &3951894301526270960
CanvasRenderer:
  m_ObjectHideFlags: 0
  m_CorrespondingSourceObject: {fileID: 0}
  m_PrefabInstance: {fileID: 0}
  m_PrefabAsset: {fileID: 0}
  m_GameObject: {fileID: 5415911905280060236}
  m_CullTransparentMesh: 0
--- !u!114 &5053164645345831979
MonoBehaviour:
  m_ObjectHideFlags: 0
  m_CorrespondingSourceObject: {fileID: 0}
  m_PrefabInstance: {fileID: 0}
  m_PrefabAsset: {fileID: 0}
  m_GameObject: {fileID: 5415911905280060236}
  m_Enabled: 1
  m_EditorHideFlags: 0
  m_Script: {fileID: 11500000, guid: fe87c0e1cc204ed48ad3b37840f39efc, type: 3}
  m_Name: 
  m_EditorClassIdentifier: 
  m_Material: {fileID: 0}
  m_Color: {r: 1, g: 1, b: 1, a: 1}
  m_RaycastTarget: 1
  m_Maskable: 1
  m_OnCullStateChanged:
    m_PersistentCalls:
      m_Calls: []
  m_Sprite: {fileID: 21300000, guid: 1d8ff408224a2b142b1ce7ebb4abe9a2, type: 3}
  m_Type: 0
  m_PreserveAspect: 0
  m_FillCenter: 1
  m_FillMethod: 4
  m_FillAmount: 1
  m_FillClockwise: 1
  m_FillOrigin: 0
  m_UseSpriteMesh: 0
  m_PixelsPerUnitMultiplier: 1
--- !u!114 &6102216899245147702
MonoBehaviour:
  m_ObjectHideFlags: 0
  m_CorrespondingSourceObject: {fileID: 0}
  m_PrefabInstance: {fileID: 0}
  m_PrefabAsset: {fileID: 0}
  m_GameObject: {fileID: 5415911905280060236}
  m_Enabled: 1
  m_EditorHideFlags: 0
  m_Script: {fileID: 11500000, guid: d0b148fe25e99eb48b9724523833bab1, type: 3}
  m_Name: 
  m_EditorClassIdentifier: 
  m_Delegates:
  - eventID: 0
    callback:
      m_PersistentCalls:
        m_Calls:
        - m_Target: {fileID: 473496145281350124}
          m_MethodName: HideToolTip
          m_Mode: 1
          m_Arguments:
            m_ObjectArgument: {fileID: 0}
            m_ObjectArgumentAssemblyTypeName: UnityEngine.Object, UnityEngine
            m_IntArgument: 0
            m_FloatArgument: 0
            m_StringArgument: 
            m_BoolArgument: 0
          m_CallState: 2
--- !u!1 &5491910605002760703
GameObject:
  m_ObjectHideFlags: 0
  m_CorrespondingSourceObject: {fileID: 0}
  m_PrefabInstance: {fileID: 0}
  m_PrefabAsset: {fileID: 0}
  serializedVersion: 6
  m_Component:
  - component: {fileID: 7399550657194488106}
  - component: {fileID: 473496145281350124}
  m_Layer: 5
  m_Name: tooltip_hor
  m_TagString: Untagged
  m_Icon: {fileID: 0}
  m_NavMeshLayer: 0
  m_StaticEditorFlags: 0
  m_IsActive: 1
--- !u!224 &7399550657194488106
RectTransform:
  m_ObjectHideFlags: 0
  m_CorrespondingSourceObject: {fileID: 0}
  m_PrefabInstance: {fileID: 0}
  m_PrefabAsset: {fileID: 0}
  m_GameObject: {fileID: 5491910605002760703}
  m_LocalRotation: {x: -0, y: -0, z: -0, w: 1}
  m_LocalPosition: {x: 0, y: 0, z: 0}
  m_LocalScale: {x: 1, y: 1, z: 1}
  m_Children:
  - {fileID: 6188161540610534760}
  - {fileID: 1882852342298487059}
  m_Father: {fileID: 0}
  m_RootOrder: 0
  m_LocalEulerAnglesHint: {x: 0, y: 0, z: 0}
  m_AnchorMin: {x: 0, y: 0}
  m_AnchorMax: {x: 0, y: 0}
  m_AnchoredPosition: {x: 0, y: 0}
  m_SizeDelta: {x: 273, y: 161}
  m_Pivot: {x: 0, y: 0.5}
--- !u!114 &473496145281350124
MonoBehaviour:
  m_ObjectHideFlags: 0
  m_CorrespondingSourceObject: {fileID: 0}
  m_PrefabInstance: {fileID: 0}
  m_PrefabAsset: {fileID: 0}
  m_GameObject: {fileID: 5491910605002760703}
  m_Enabled: 1
  m_EditorHideFlags: 0
  m_Script: {fileID: 11500000, guid: c96d793bd42249b44aec804c31b27ed8, type: 3}
  m_Name: 
  m_EditorClassIdentifier: 
  expand_group: {fileID: 5106285859168100161}
  title: {fileID: 1753425176284122217}
  desc: {fileID: 8660186933242510478}
  btn: {fileID: 8397843546613372110}
--- !u!114 &4727085884796911074
MonoBehaviour:
  m_ObjectHideFlags: 0
  m_CorrespondingSourceObject: {fileID: 0}
  m_PrefabInstance: {fileID: 0}
  m_PrefabAsset: {fileID: 0}
  m_GameObject: {fileID: 5877826284808643493}
  m_Enabled: 1
  m_EditorHideFlags: 0
  m_Script: {fileID: 11500000, guid: 306cc8c2b49d7114eaa3623786fc2126, type: 3}
  m_Name: 
  m_EditorClassIdentifier: 
  m_IgnoreLayout: 0
  m_MinWidth: -1
  m_MinHeight: 30
  m_PreferredWidth: -1
  m_PreferredHeight: 100
  m_FlexibleWidth: -1
  m_FlexibleHeight: -1
  m_LayoutPriority: 1
--- !u!114 &8019104147516400349
MonoBehaviour:
  m_ObjectHideFlags: 0
  m_CorrespondingSourceObject: {fileID: 0}
  m_PrefabInstance: {fileID: 0}
  m_PrefabAsset: {fileID: 0}
  m_GameObject: {fileID: 7707301146782486075}
  m_Enabled: 1
  m_EditorHideFlags: 0
  m_Script: {fileID: 11500000, guid: 306cc8c2b49d7114eaa3623786fc2126, type: 3}
  m_Name: 
  m_EditorClassIdentifier: 
  m_IgnoreLayout: 0
  m_MinWidth: -1
  m_MinHeight: 45
  m_PreferredWidth: -1
  m_PreferredHeight: 60
  m_FlexibleWidth: -1
  m_FlexibleHeight: -1
  m_LayoutPriority: 1
--- !u!1 &8413034075776976444
GameObject:
  m_ObjectHideFlags: 0
  m_CorrespondingSourceObject: {fileID: 0}
  m_PrefabInstance: {fileID: 0}
  m_PrefabAsset: {fileID: 0}
  serializedVersion: 6
  m_Component:
  - component: {fileID: 5149459404343651407}
  - component: {fileID: 1014534267786295122}
  m_Layer: 5
  m_Name: content_group
  m_TagString: Untagged
  m_Icon: {fileID: 0}
  m_NavMeshLayer: 0
  m_StaticEditorFlags: 0
  m_IsActive: 1
--- !u!224 &5149459404343651407
RectTransform:
  m_ObjectHideFlags: 0
  m_CorrespondingSourceObject: {fileID: 0}
  m_PrefabInstance: {fileID: 0}
  m_PrefabAsset: {fileID: 0}
  m_GameObject: {fileID: 8413034075776976444}
  m_LocalRotation: {x: -0, y: -0, z: -0, w: 1}
  m_LocalPosition: {x: 0, y: 0, z: 0}
  m_LocalScale: {x: 1, y: 1, z: 1}
  m_Children:
  - {fileID: 4482139014974436776}
  - {fileID: 5877826284808643492}
  - {fileID: 4359679205688246927}
  m_Father: {fileID: 1882852342298487059}
  m_RootOrder: 1
  m_LocalEulerAnglesHint: {x: 0, y: 0, z: 0}
  m_AnchorMin: {x: 0.5, y: 0.5}
  m_AnchorMax: {x: 0.5, y: 0.5}
  m_AnchoredPosition: {x: 5, y: 0}
  m_SizeDelta: {x: 250, y: 150}
  m_Pivot: {x: 0.5, y: 0.5}
--- !u!114 &1014534267786295122
MonoBehaviour:
  m_ObjectHideFlags: 0
  m_CorrespondingSourceObject: {fileID: 0}
  m_PrefabInstance: {fileID: 0}
  m_PrefabAsset: {fileID: 0}
  m_GameObject: {fileID: 8413034075776976444}
  m_Enabled: 1
  m_EditorHideFlags: 0
  m_Script: {fileID: 11500000, guid: 59f8146938fff824cb5fd77236b75775, type: 3}
  m_Name: 
  m_EditorClassIdentifier: 
  m_Padding:
    m_Left: 0
    m_Right: 0
    m_Top: 0
    m_Bottom: 0
  m_ChildAlignment: 4
  m_Spacing: 0
  m_ChildForceExpandWidth: 0
  m_ChildForceExpandHeight: 1
  m_ChildControlWidth: 0
  m_ChildControlHeight: 1
  m_ChildScaleWidth: 0
  m_ChildScaleHeight: 0
--- !u!1001 &204715290315049153
PrefabInstance:
  m_ObjectHideFlags: 0
  serializedVersion: 2
  m_Modification:
    m_TransformParent: {fileID: 5149459404343651407}
    m_Modifications:
    - target: {fileID: 4492334423599303246, guid: 4cbb6d7768a597646b41d87efb292c36,
        type: 3}
      propertyPath: m_LocalPosition.x
      value: 0
      objectReference: {fileID: 0}
    - target: {fileID: 4492334423599303246, guid: 4cbb6d7768a597646b41d87efb292c36,
        type: 3}
      propertyPath: m_LocalPosition.y
      value: 0
      objectReference: {fileID: 0}
    - target: {fileID: 4492334423599303246, guid: 4cbb6d7768a597646b41d87efb292c36,
        type: 3}
      propertyPath: m_LocalPosition.z
      value: 0
      objectReference: {fileID: 0}
    - target: {fileID: 4492334423599303246, guid: 4cbb6d7768a597646b41d87efb292c36,
        type: 3}
      propertyPath: m_LocalRotation.x
      value: 0
      objectReference: {fileID: 0}
    - target: {fileID: 4492334423599303246, guid: 4cbb6d7768a597646b41d87efb292c36,
        type: 3}
      propertyPath: m_LocalRotation.y
      value: 0
      objectReference: {fileID: 0}
    - target: {fileID: 4492334423599303246, guid: 4cbb6d7768a597646b41d87efb292c36,
        type: 3}
      propertyPath: m_LocalRotation.z
      value: 0
      objectReference: {fileID: 0}
    - target: {fileID: 4492334423599303246, guid: 4cbb6d7768a597646b41d87efb292c36,
        type: 3}
      propertyPath: m_LocalRotation.w
      value: 1
      objectReference: {fileID: 0}
    - target: {fileID: 4492334423599303246, guid: 4cbb6d7768a597646b41d87efb292c36,
        type: 3}
      propertyPath: m_RootOrder
      value: 2
      objectReference: {fileID: 0}
    - target: {fileID: 4492334423599303246, guid: 4cbb6d7768a597646b41d87efb292c36,
        type: 3}
      propertyPath: m_LocalEulerAnglesHint.x
      value: 0
      objectReference: {fileID: 0}
    - target: {fileID: 4492334423599303246, guid: 4cbb6d7768a597646b41d87efb292c36,
        type: 3}
      propertyPath: m_LocalEulerAnglesHint.y
      value: 0
      objectReference: {fileID: 0}
    - target: {fileID: 4492334423599303246, guid: 4cbb6d7768a597646b41d87efb292c36,
        type: 3}
      propertyPath: m_LocalEulerAnglesHint.z
      value: 0
      objectReference: {fileID: 0}
    - target: {fileID: 4492334423599303246, guid: 4cbb6d7768a597646b41d87efb292c36,
        type: 3}
      propertyPath: m_AnchoredPosition.x
      value: 0
      objectReference: {fileID: 0}
    - target: {fileID: 4492334423599303246, guid: 4cbb6d7768a597646b41d87efb292c36,
        type: 3}
      propertyPath: m_AnchoredPosition.y
      value: 0
      objectReference: {fileID: 0}
    - target: {fileID: 4492334423599303246, guid: 4cbb6d7768a597646b41d87efb292c36,
        type: 3}
      propertyPath: m_AnchorMin.x
      value: 0
      objectReference: {fileID: 0}
    - target: {fileID: 4492334423599303246, guid: 4cbb6d7768a597646b41d87efb292c36,
        type: 3}
      propertyPath: m_AnchorMin.y
      value: 0
      objectReference: {fileID: 0}
    - target: {fileID: 4492334423599303246, guid: 4cbb6d7768a597646b41d87efb292c36,
        type: 3}
      propertyPath: m_AnchorMax.x
      value: 0
      objectReference: {fileID: 0}
    - target: {fileID: 4492334423599303246, guid: 4cbb6d7768a597646b41d87efb292c36,
        type: 3}
      propertyPath: m_AnchorMax.y
      value: 0
      objectReference: {fileID: 0}
    - target: {fileID: 4492334423599303246, guid: 4cbb6d7768a597646b41d87efb292c36,
        type: 3}
      propertyPath: m_Pivot.x
      value: 0.5
      objectReference: {fileID: 0}
    - target: {fileID: 4492334423599303246, guid: 4cbb6d7768a597646b41d87efb292c36,
        type: 3}
      propertyPath: m_Pivot.y
      value: 0.5
      objectReference: {fileID: 0}
    - target: {fileID: 4492334423599303246, guid: 4cbb6d7768a597646b41d87efb292c36,
        type: 3}
      propertyPath: m_SizeDelta.y
      value: 0
      objectReference: {fileID: 0}
    - target: {fileID: 5344736482080836961, guid: 4cbb6d7768a597646b41d87efb292c36,
        type: 3}
      propertyPath: m_AnchorMin.y
      value: 0
      objectReference: {fileID: 0}
    - target: {fileID: 5344736482080836961, guid: 4cbb6d7768a597646b41d87efb292c36,
        type: 3}
      propertyPath: m_AnchorMax.y
      value: 0
      objectReference: {fileID: 0}
    - target: {fileID: 5344736482080836961, guid: 4cbb6d7768a597646b41d87efb292c36,
        type: 3}
      propertyPath: m_AnchoredPosition.x
      value: 0
      objectReference: {fileID: 0}
    - target: {fileID: 5344736482080836961, guid: 4cbb6d7768a597646b41d87efb292c36,
        type: 3}
      propertyPath: m_AnchoredPosition.y
      value: 0
      objectReference: {fileID: 0}
    - target: {fileID: 7503734708983793402, guid: 4cbb6d7768a597646b41d87efb292c36,
        type: 3}
      propertyPath: m_Name
      value: btn_xs
      objectReference: {fileID: 0}
    - target: {fileID: 7503734708983793402, guid: 4cbb6d7768a597646b41d87efb292c36,
        type: 3}
      propertyPath: m_IsActive
      value: 1
      objectReference: {fileID: 0}
    m_RemovedComponents: []
  m_SourcePrefab: {fileID: 100100000, guid: 4cbb6d7768a597646b41d87efb292c36, type: 3}
--- !u!1 &7707301146782486075 stripped
GameObject:
  m_CorrespondingSourceObject: {fileID: 7503734708983793402, guid: 4cbb6d7768a597646b41d87efb292c36,
    type: 3}
  m_PrefabInstance: {fileID: 204715290315049153}
  m_PrefabAsset: {fileID: 0}
--- !u!224 &4359679205688246927 stripped
RectTransform:
  m_CorrespondingSourceObject: {fileID: 4492334423599303246, guid: 4cbb6d7768a597646b41d87efb292c36,
    type: 3}
  m_PrefabInstance: {fileID: 204715290315049153}
  m_PrefabAsset: {fileID: 0}
--- !u!114 &8397843546613372110 stripped
MonoBehaviour:
  m_CorrespondingSourceObject: {fileID: 8528807580416580623, guid: 4cbb6d7768a597646b41d87efb292c36,
    type: 3}
  m_PrefabInstance: {fileID: 204715290315049153}
  m_PrefabAsset: {fileID: 0}
  m_GameObject: {fileID: 7707301146782486075}
  m_Enabled: 1
  m_EditorHideFlags: 0
  m_Script: {fileID: 11500000, guid: a989fd0832f38ff4d8781f2c097474f2, type: 3}
  m_Name: 
  m_EditorClassIdentifier: 
--- !u!1 &3997544431245701083 stripped
GameObject:
  m_CorrespondingSourceObject: {fileID: 3867864212767008538, guid: 4cbb6d7768a597646b41d87efb292c36,
    type: 3}
  m_PrefabInstance: {fileID: 204715290315049153}
  m_PrefabAsset: {fileID: 0}
--- !u!1001 &437660205474969751
PrefabInstance:
  m_ObjectHideFlags: 0
  serializedVersion: 2
  m_Modification:
    m_TransformParent: {fileID: 5149459404343651407}
    m_Modifications:
    - target: {fileID: 6305279715080002352, guid: eeb25d01c648bcb41900fa7b5166f942,
        type: 3}
      propertyPath: m_HorizontalAlignment
      value: 2
      objectReference: {fileID: 0}
    - target: {fileID: 6305279715080002352, guid: eeb25d01c648bcb41900fa7b5166f942,
        type: 3}
      propertyPath: m_enableWordWrapping
      value: 1
      objectReference: {fileID: 0}
    - target: {fileID: 6305279715080002352, guid: eeb25d01c648bcb41900fa7b5166f942,
        type: 3}
      propertyPath: m_text
      value: "\u6D4B\u8BD5 1-2 As<br>\u6D4B\u8BD5 1-2 As"
      objectReference: {fileID: 0}
    - target: {fileID: 6305279715080002352, guid: eeb25d01c648bcb41900fa7b5166f942,
        type: 3}
      propertyPath: m_enableAutoSizing
      value: 1
      objectReference: {fileID: 0}
    - target: {fileID: 6305279715080002352, guid: eeb25d01c648bcb41900fa7b5166f942,
        type: 3}
      propertyPath: m_fontSize
      value: 20.8
      objectReference: {fileID: 0}
    - target: {fileID: 6305279715080002352, guid: eeb25d01c648bcb41900fa7b5166f942,
        type: 3}
      propertyPath: m_fontSizeMin
      value: 8
      objectReference: {fileID: 0}
    - target: {fileID: 6305279715080002352, guid: eeb25d01c648bcb41900fa7b5166f942,
        type: 3}
      propertyPath: m_fontSizeMax
      value: 24
      objectReference: {fileID: 0}
    - target: {fileID: 6305279715080002352, guid: eeb25d01c648bcb41900fa7b5166f942,
        type: 3}
      propertyPath: m_lineSpacingMax
      value: 0
      objectReference: {fileID: 0}
    - target: {fileID: 6305279715080002352, guid: eeb25d01c648bcb41900fa7b5166f942,
        type: 3}
      propertyPath: m_charWidthMaxAdj
      value: 0
      objectReference: {fileID: 0}
    - target: {fileID: 6305279715080002354, guid: eeb25d01c648bcb41900fa7b5166f942,
        type: 3}
      propertyPath: m_Name
      value: desc_l
      objectReference: {fileID: 0}
    - target: {fileID: 6305279715080002355, guid: eeb25d01c648bcb41900fa7b5166f942,
        type: 3}
      propertyPath: m_LocalPosition.x
      value: 0
      objectReference: {fileID: 0}
    - target: {fileID: 6305279715080002355, guid: eeb25d01c648bcb41900fa7b5166f942,
        type: 3}
      propertyPath: m_LocalPosition.y
      value: 0
      objectReference: {fileID: 0}
    - target: {fileID: 6305279715080002355, guid: eeb25d01c648bcb41900fa7b5166f942,
        type: 3}
      propertyPath: m_LocalPosition.z
      value: 0
      objectReference: {fileID: 0}
    - target: {fileID: 6305279715080002355, guid: eeb25d01c648bcb41900fa7b5166f942,
        type: 3}
      propertyPath: m_LocalRotation.x
      value: 0
      objectReference: {fileID: 0}
    - target: {fileID: 6305279715080002355, guid: eeb25d01c648bcb41900fa7b5166f942,
        type: 3}
      propertyPath: m_LocalRotation.y
      value: 0
      objectReference: {fileID: 0}
    - target: {fileID: 6305279715080002355, guid: eeb25d01c648bcb41900fa7b5166f942,
        type: 3}
      propertyPath: m_LocalRotation.z
      value: 0
      objectReference: {fileID: 0}
    - target: {fileID: 6305279715080002355, guid: eeb25d01c648bcb41900fa7b5166f942,
        type: 3}
      propertyPath: m_LocalRotation.w
      value: 1
      objectReference: {fileID: 0}
    - target: {fileID: 6305279715080002355, guid: eeb25d01c648bcb41900fa7b5166f942,
        type: 3}
      propertyPath: m_RootOrder
      value: 1
      objectReference: {fileID: 0}
    - target: {fileID: 6305279715080002355, guid: eeb25d01c648bcb41900fa7b5166f942,
        type: 3}
      propertyPath: m_LocalEulerAnglesHint.x
      value: 0
      objectReference: {fileID: 0}
    - target: {fileID: 6305279715080002355, guid: eeb25d01c648bcb41900fa7b5166f942,
        type: 3}
      propertyPath: m_LocalEulerAnglesHint.y
      value: 0
      objectReference: {fileID: 0}
    - target: {fileID: 6305279715080002355, guid: eeb25d01c648bcb41900fa7b5166f942,
        type: 3}
      propertyPath: m_LocalEulerAnglesHint.z
      value: 0
      objectReference: {fileID: 0}
    - target: {fileID: 6305279715080002355, guid: eeb25d01c648bcb41900fa7b5166f942,
        type: 3}
      propertyPath: m_AnchoredPosition.x
      value: 0
      objectReference: {fileID: 0}
    - target: {fileID: 6305279715080002355, guid: eeb25d01c648bcb41900fa7b5166f942,
        type: 3}
      propertyPath: m_AnchoredPosition.y
      value: 0
      objectReference: {fileID: 0}
    - target: {fileID: 6305279715080002355, guid: eeb25d01c648bcb41900fa7b5166f942,
        type: 3}
      propertyPath: m_SizeDelta.x
      value: 250
      objectReference: {fileID: 0}
    - target: {fileID: 6305279715080002355, guid: eeb25d01c648bcb41900fa7b5166f942,
        type: 3}
      propertyPath: m_SizeDelta.y
      value: 0
      objectReference: {fileID: 0}
    - target: {fileID: 6305279715080002355, guid: eeb25d01c648bcb41900fa7b5166f942,
        type: 3}
      propertyPath: m_AnchorMin.x
      value: 0
      objectReference: {fileID: 0}
    - target: {fileID: 6305279715080002355, guid: eeb25d01c648bcb41900fa7b5166f942,
        type: 3}
      propertyPath: m_AnchorMin.y
      value: 0
      objectReference: {fileID: 0}
    - target: {fileID: 6305279715080002355, guid: eeb25d01c648bcb41900fa7b5166f942,
        type: 3}
      propertyPath: m_AnchorMax.x
      value: 0
      objectReference: {fileID: 0}
    - target: {fileID: 6305279715080002355, guid: eeb25d01c648bcb41900fa7b5166f942,
        type: 3}
      propertyPath: m_AnchorMax.y
      value: 0
      objectReference: {fileID: 0}
    - target: {fileID: 6305279715080002355, guid: eeb25d01c648bcb41900fa7b5166f942,
        type: 3}
      propertyPath: m_Pivot.x
      value: 0.5
      objectReference: {fileID: 0}
    - target: {fileID: 6305279715080002355, guid: eeb25d01c648bcb41900fa7b5166f942,
        type: 3}
      propertyPath: m_Pivot.y
      value: 0.5
      objectReference: {fileID: 0}
    m_RemovedComponents: []
  m_SourcePrefab: {fileID: 100100000, guid: eeb25d01c648bcb41900fa7b5166f942, type: 3}
--- !u!1 &5877826284808643493 stripped
GameObject:
  m_CorrespondingSourceObject: {fileID: 6305279715080002354, guid: eeb25d01c648bcb41900fa7b5166f942,
    type: 3}
  m_PrefabInstance: {fileID: 437660205474969751}
  m_PrefabAsset: {fileID: 0}
--- !u!224 &5877826284808643492 stripped
RectTransform:
  m_CorrespondingSourceObject: {fileID: 6305279715080002355, guid: eeb25d01c648bcb41900fa7b5166f942,
    type: 3}
  m_PrefabInstance: {fileID: 437660205474969751}
  m_PrefabAsset: {fileID: 0}
--- !u!114 &8660186933242510478 stripped
MonoBehaviour:
  m_CorrespondingSourceObject: {fileID: 9096650583775822873, guid: eeb25d01c648bcb41900fa7b5166f942,
    type: 3}
  m_PrefabInstance: {fileID: 437660205474969751}
  m_PrefabAsset: {fileID: 0}
  m_GameObject: {fileID: 5877826284808643493}
  m_Enabled: 1
  m_EditorHideFlags: 0
  m_Script: {fileID: 11500000, guid: 366e5fcf4374db04ca4e6b17b07f10b7, type: 3}
  m_Name: 
  m_EditorClassIdentifier: 
--- !u!1001 &5739663566541450870
PrefabInstance:
  m_ObjectHideFlags: 0
  serializedVersion: 2
  m_Modification:
    m_TransformParent: {fileID: 5149459404343651407}
    m_Modifications:
    - target: {fileID: 8184342573415668701, guid: f7444dca4b9e76748a00c985f84bdcdc,
        type: 3}
      propertyPath: m_text
      value: "\u98CE\u706B\u8F6E"
      objectReference: {fileID: 0}
    - target: {fileID: 8184342573415668701, guid: f7444dca4b9e76748a00c985f84bdcdc,
        type: 3}
      propertyPath: m_HorizontalAlignment
      value: 2
      objectReference: {fileID: 0}
    - target: {fileID: 8184342573415668702, guid: f7444dca4b9e76748a00c985f84bdcdc,
        type: 3}
      propertyPath: m_LocalPosition.x
      value: 0
      objectReference: {fileID: 0}
    - target: {fileID: 8184342573415668702, guid: f7444dca4b9e76748a00c985f84bdcdc,
        type: 3}
      propertyPath: m_LocalPosition.y
      value: 0
      objectReference: {fileID: 0}
    - target: {fileID: 8184342573415668702, guid: f7444dca4b9e76748a00c985f84bdcdc,
        type: 3}
      propertyPath: m_LocalPosition.z
      value: 0
      objectReference: {fileID: 0}
    - target: {fileID: 8184342573415668702, guid: f7444dca4b9e76748a00c985f84bdcdc,
        type: 3}
      propertyPath: m_LocalRotation.x
      value: 0
      objectReference: {fileID: 0}
    - target: {fileID: 8184342573415668702, guid: f7444dca4b9e76748a00c985f84bdcdc,
        type: 3}
      propertyPath: m_LocalRotation.y
      value: 0
      objectReference: {fileID: 0}
    - target: {fileID: 8184342573415668702, guid: f7444dca4b9e76748a00c985f84bdcdc,
        type: 3}
      propertyPath: m_LocalRotation.z
      value: 0
      objectReference: {fileID: 0}
    - target: {fileID: 8184342573415668702, guid: f7444dca4b9e76748a00c985f84bdcdc,
        type: 3}
      propertyPath: m_LocalRotation.w
      value: 1
      objectReference: {fileID: 0}
    - target: {fileID: 8184342573415668702, guid: f7444dca4b9e76748a00c985f84bdcdc,
        type: 3}
      propertyPath: m_RootOrder
      value: 0
      objectReference: {fileID: 0}
    - target: {fileID: 8184342573415668702, guid: f7444dca4b9e76748a00c985f84bdcdc,
        type: 3}
      propertyPath: m_LocalEulerAnglesHint.x
      value: 0
      objectReference: {fileID: 0}
    - target: {fileID: 8184342573415668702, guid: f7444dca4b9e76748a00c985f84bdcdc,
        type: 3}
      propertyPath: m_LocalEulerAnglesHint.y
      value: 0
      objectReference: {fileID: 0}
    - target: {fileID: 8184342573415668702, guid: f7444dca4b9e76748a00c985f84bdcdc,
        type: 3}
      propertyPath: m_LocalEulerAnglesHint.z
      value: 0
      objectReference: {fileID: 0}
    - target: {fileID: 8184342573415668702, guid: f7444dca4b9e76748a00c985f84bdcdc,
        type: 3}
      propertyPath: m_AnchoredPosition.x
      value: 0
      objectReference: {fileID: 0}
    - target: {fileID: 8184342573415668702, guid: f7444dca4b9e76748a00c985f84bdcdc,
        type: 3}
      propertyPath: m_AnchoredPosition.y
      value: 0
      objectReference: {fileID: 0}
    - target: {fileID: 8184342573415668702, guid: f7444dca4b9e76748a00c985f84bdcdc,
        type: 3}
      propertyPath: m_SizeDelta.x
      value: 140
      objectReference: {fileID: 0}
    - target: {fileID: 8184342573415668702, guid: f7444dca4b9e76748a00c985f84bdcdc,
        type: 3}
      propertyPath: m_SizeDelta.y
      value: 0
      objectReference: {fileID: 0}
    - target: {fileID: 8184342573415668702, guid: f7444dca4b9e76748a00c985f84bdcdc,
        type: 3}
      propertyPath: m_AnchorMin.x
      value: 0
      objectReference: {fileID: 0}
    - target: {fileID: 8184342573415668702, guid: f7444dca4b9e76748a00c985f84bdcdc,
        type: 3}
      propertyPath: m_AnchorMin.y
      value: 0
      objectReference: {fileID: 0}
    - target: {fileID: 8184342573415668702, guid: f7444dca4b9e76748a00c985f84bdcdc,
        type: 3}
      propertyPath: m_AnchorMax.x
      value: 0
      objectReference: {fileID: 0}
    - target: {fileID: 8184342573415668702, guid: f7444dca4b9e76748a00c985f84bdcdc,
        type: 3}
      propertyPath: m_AnchorMax.y
      value: 0
      objectReference: {fileID: 0}
    - target: {fileID: 8184342573415668702, guid: f7444dca4b9e76748a00c985f84bdcdc,
        type: 3}
      propertyPath: m_Pivot.x
      value: 0.5
      objectReference: {fileID: 0}
    - target: {fileID: 8184342573415668702, guid: f7444dca4b9e76748a00c985f84bdcdc,
        type: 3}
      propertyPath: m_Pivot.y
      value: 0.5
      objectReference: {fileID: 0}
    - target: {fileID: 8184342573415668703, guid: f7444dca4b9e76748a00c985f84bdcdc,
        type: 3}
      propertyPath: m_Name
      value: title_s
      objectReference: {fileID: 0}
    - target: {fileID: 8184342573415668703, guid: f7444dca4b9e76748a00c985f84bdcdc,
        type: 3}
      propertyPath: m_IsActive
      value: 1
      objectReference: {fileID: 0}
    m_RemovedComponents: []
  m_SourcePrefab: {fileID: 100100000, guid: f7444dca4b9e76748a00c985f84bdcdc, type: 3}
--- !u!1 &4482139014974436777 stripped
GameObject:
  m_CorrespondingSourceObject: {fileID: 8184342573415668703, guid: f7444dca4b9e76748a00c985f84bdcdc,
    type: 3}
  m_PrefabInstance: {fileID: 5739663566541450870}
  m_PrefabAsset: {fileID: 0}
--- !u!224 &4482139014974436776 stripped
RectTransform:
  m_CorrespondingSourceObject: {fileID: 8184342573415668702, guid: f7444dca4b9e76748a00c985f84bdcdc,
    type: 3}
  m_PrefabInstance: {fileID: 5739663566541450870}
  m_PrefabAsset: {fileID: 0}
--- !u!114 &1753425176284122217 stripped
MonoBehaviour:
  m_CorrespondingSourceObject: {fileID: 6337140213832229407, guid: f7444dca4b9e76748a00c985f84bdcdc,
    type: 3}
  m_PrefabInstance: {fileID: 5739663566541450870}
  m_PrefabAsset: {fileID: 0}
  m_GameObject: {fileID: 4482139014974436777}
  m_Enabled: 1
  m_EditorHideFlags: 0
  m_Script: {fileID: 11500000, guid: 366e5fcf4374db04ca4e6b17b07f10b7, type: 3}
  m_Name: 
  m_EditorClassIdentifier: 
