%YAML 1.1
%TAG !u! tag:unity3d.com,2011:
--- !u!1 &4250309351157410498
GameObject:
  m_ObjectHideFlags: 0
  m_CorrespondingSourceObject: {fileID: 0}
  m_PrefabInstance: {fileID: 0}
  m_PrefabAsset: {fileID: 0}
  serializedVersion: 6
  m_Component:
  - component: {fileID: 6355427737551181254}
  - component: {fileID: 8225250547492218593}
  m_Layer: 5
  m_Name: trait_item
  m_TagString: Untagged
  m_Icon: {fileID: 0}
  m_NavMeshLayer: 0
  m_StaticEditorFlags: 0
  m_IsActive: 1
--- !u!224 &6355427737551181254
RectTransform:
  m_ObjectHideFlags: 0
  m_CorrespondingSourceObject: {fileID: 0}
  m_PrefabInstance: {fileID: 0}
  m_PrefabAsset: {fileID: 0}
  m_GameObject: {fileID: 4250309351157410498}
  m_LocalRotation: {x: 0, y: 0, z: 0, w: 1}
  m_LocalPosition: {x: 0, y: 0, z: 0}
  m_LocalScale: {x: 1, y: 1, z: 1}
  m_Children:
  - {fileID: 4352237161401448037}
  m_Father: {fileID: 0}
  m_RootOrder: 0
  m_LocalEulerAnglesHint: {x: 0, y: 0, z: 0}
  m_AnchorMin: {x: 0, y: 0}
  m_AnchorMax: {x: 0, y: 0}
  m_AnchoredPosition: {x: 0, y: 0}
  m_SizeDelta: {x: 50, y: 50}
  m_Pivot: {x: 0.5, y: 0.5}
--- !u!114 &8225250547492218593
MonoBehaviour:
  m_ObjectHideFlags: 0
  m_CorrespondingSourceObject: {fileID: 0}
  m_PrefabInstance: {fileID: 0}
  m_PrefabAsset: {fileID: 0}
  m_GameObject: {fileID: 4250309351157410498}
  m_Enabled: 1
  m_EditorHideFlags: 0
  m_Script: {fileID: 11500000, guid: 36b9736161f5fd8459ba2d980b38372a, type: 3}
  m_Name: 
  m_EditorClassIdentifier: 
  traitUID: 
  icon: {fileID: 2370054080650880640}
--- !u!114 &2063805096772685687
MonoBehaviour:
  m_ObjectHideFlags: 0
  m_CorrespondingSourceObject: {fileID: 0}
  m_PrefabInstance: {fileID: 0}
  m_PrefabAsset: {fileID: 0}
  m_GameObject: {fileID: 6439858853000403614}
  m_Enabled: 1
  m_EditorHideFlags: 0
  m_Script: {fileID: 11500000, guid: d0b148fe25e99eb48b9724523833bab1, type: 3}
  m_Name: 
  m_EditorClassIdentifier: 
  m_Delegates:
  - eventID: 4
    callback:
      m_PersistentCalls:
        m_Calls:
        - m_Target: {fileID: 8225250547492218593}
          m_MethodName: ShowTooltip
          m_Mode: 1
          m_Arguments:
            m_ObjectArgument: {fileID: 0}
            m_ObjectArgumentAssemblyTypeName: UnityEngine.Object, UnityEngine
            m_IntArgument: 0
            m_FloatArgument: 0
            m_StringArgument: 
            m_BoolArgument: 0
          m_CallState: 2
--- !u!1001 &4187009801231763849
PrefabInstance:
  m_ObjectHideFlags: 0
  serializedVersion: 2
  m_Modification:
    m_TransformParent: {fileID: 6355427737551181254}
    m_Modifications:
    - target: {fileID: 467670229794291692, guid: 1dc23ddd37d3fe342a6605b0475749fc,
        type: 3}
      propertyPath: m_LocalPosition.x
      value: 0
      objectReference: {fileID: 0}
    - target: {fileID: 467670229794291692, guid: 1dc23ddd37d3fe342a6605b0475749fc,
        type: 3}
      propertyPath: m_LocalPosition.y
      value: 0
      objectReference: {fileID: 0}
    - target: {fileID: 467670229794291692, guid: 1dc23ddd37d3fe342a6605b0475749fc,
        type: 3}
      propertyPath: m_LocalPosition.z
      value: 0
      objectReference: {fileID: 0}
    - target: {fileID: 467670229794291692, guid: 1dc23ddd37d3fe342a6605b0475749fc,
        type: 3}
      propertyPath: m_LocalRotation.x
      value: 0
      objectReference: {fileID: 0}
    - target: {fileID: 467670229794291692, guid: 1dc23ddd37d3fe342a6605b0475749fc,
        type: 3}
      propertyPath: m_LocalRotation.y
      value: 0
      objectReference: {fileID: 0}
    - target: {fileID: 467670229794291692, guid: 1dc23ddd37d3fe342a6605b0475749fc,
        type: 3}
      propertyPath: m_LocalRotation.z
      value: 0
      objectReference: {fileID: 0}
    - target: {fileID: 467670229794291692, guid: 1dc23ddd37d3fe342a6605b0475749fc,
        type: 3}
      propertyPath: m_LocalRotation.w
      value: 1
      objectReference: {fileID: 0}
    - target: {fileID: 467670229794291692, guid: 1dc23ddd37d3fe342a6605b0475749fc,
        type: 3}
      propertyPath: m_RootOrder
      value: 0
      objectReference: {fileID: 0}
    - target: {fileID: 467670229794291692, guid: 1dc23ddd37d3fe342a6605b0475749fc,
        type: 3}
      propertyPath: m_LocalEulerAnglesHint.x
      value: 0
      objectReference: {fileID: 0}
    - target: {fileID: 467670229794291692, guid: 1dc23ddd37d3fe342a6605b0475749fc,
        type: 3}
      propertyPath: m_LocalEulerAnglesHint.y
      value: 0
      objectReference: {fileID: 0}
    - target: {fileID: 467670229794291692, guid: 1dc23ddd37d3fe342a6605b0475749fc,
        type: 3}
      propertyPath: m_LocalEulerAnglesHint.z
      value: 0
      objectReference: {fileID: 0}
    - target: {fileID: 467670229794291692, guid: 1dc23ddd37d3fe342a6605b0475749fc,
        type: 3}
      propertyPath: m_AnchoredPosition.x
      value: 0
      objectReference: {fileID: 0}
    - target: {fileID: 467670229794291692, guid: 1dc23ddd37d3fe342a6605b0475749fc,
        type: 3}
      propertyPath: m_AnchoredPosition.y
      value: 0
      objectReference: {fileID: 0}
    - target: {fileID: 467670229794291692, guid: 1dc23ddd37d3fe342a6605b0475749fc,
        type: 3}
      propertyPath: m_SizeDelta.x
      value: 50
      objectReference: {fileID: 0}
    - target: {fileID: 467670229794291692, guid: 1dc23ddd37d3fe342a6605b0475749fc,
        type: 3}
      propertyPath: m_SizeDelta.y
      value: 50
      objectReference: {fileID: 0}
    - target: {fileID: 467670229794291692, guid: 1dc23ddd37d3fe342a6605b0475749fc,
        type: 3}
      propertyPath: m_AnchorMin.x
      value: 0.5
      objectReference: {fileID: 0}
    - target: {fileID: 467670229794291692, guid: 1dc23ddd37d3fe342a6605b0475749fc,
        type: 3}
      propertyPath: m_AnchorMin.y
      value: 0.5
      objectReference: {fileID: 0}
    - target: {fileID: 467670229794291692, guid: 1dc23ddd37d3fe342a6605b0475749fc,
        type: 3}
      propertyPath: m_AnchorMax.x
      value: 0.5
      objectReference: {fileID: 0}
    - target: {fileID: 467670229794291692, guid: 1dc23ddd37d3fe342a6605b0475749fc,
        type: 3}
      propertyPath: m_AnchorMax.y
      value: 0.5
      objectReference: {fileID: 0}
    - target: {fileID: 467670229794291692, guid: 1dc23ddd37d3fe342a6605b0475749fc,
        type: 3}
      propertyPath: m_Pivot.x
      value: 0.5
      objectReference: {fileID: 0}
    - target: {fileID: 467670229794291692, guid: 1dc23ddd37d3fe342a6605b0475749fc,
        type: 3}
      propertyPath: m_Pivot.y
      value: 0.5
      objectReference: {fileID: 0}
    - target: {fileID: 1164791547728875604, guid: 1dc23ddd37d3fe342a6605b0475749fc,
        type: 3}
      propertyPath: m_Name
      value: icon
      objectReference: {fileID: 0}
    - target: {fileID: 1709934775203384127, guid: 1dc23ddd37d3fe342a6605b0475749fc,
        type: 3}
      propertyPath: m_AnchoredPosition.x
      value: 0
      objectReference: {fileID: 0}
    - target: {fileID: 1709934775203384127, guid: 1dc23ddd37d3fe342a6605b0475749fc,
        type: 3}
      propertyPath: m_SizeDelta.x
      value: -10
      objectReference: {fileID: 0}
    - target: {fileID: 1709934775203384127, guid: 1dc23ddd37d3fe342a6605b0475749fc,
        type: 3}
      propertyPath: m_AnchoredPosition.y
      value: 0
      objectReference: {fileID: 0}
    - target: {fileID: 1709934775203384127, guid: 1dc23ddd37d3fe342a6605b0475749fc,
        type: 3}
      propertyPath: m_SizeDelta.y
      value: -10
      objectReference: {fileID: 0}
    - target: {fileID: 1829670316492874857, guid: 1dc23ddd37d3fe342a6605b0475749fc,
        type: 3}
      propertyPath: m_AnchoredPosition.x
      value: 0
      objectReference: {fileID: 0}
    - target: {fileID: 1829670316492874857, guid: 1dc23ddd37d3fe342a6605b0475749fc,
        type: 3}
      propertyPath: m_SizeDelta.x
      value: 0
      objectReference: {fileID: 0}
    - target: {fileID: 1829670316492874857, guid: 1dc23ddd37d3fe342a6605b0475749fc,
        type: 3}
      propertyPath: m_AnchoredPosition.y
      value: 0
      objectReference: {fileID: 0}
    - target: {fileID: 1829670316492874857, guid: 1dc23ddd37d3fe342a6605b0475749fc,
        type: 3}
      propertyPath: m_SizeDelta.y
      value: 0
      objectReference: {fileID: 0}
    - target: {fileID: 3050070939443988500, guid: 1dc23ddd37d3fe342a6605b0475749fc,
        type: 3}
      propertyPath: m_AnchoredPosition.x
      value: 0
      objectReference: {fileID: 0}
    - target: {fileID: 3050070939443988500, guid: 1dc23ddd37d3fe342a6605b0475749fc,
        type: 3}
      propertyPath: m_SizeDelta.x
      value: 0
      objectReference: {fileID: 0}
    - target: {fileID: 3050070939443988500, guid: 1dc23ddd37d3fe342a6605b0475749fc,
        type: 3}
      propertyPath: m_AnchoredPosition.y
      value: 0
      objectReference: {fileID: 0}
    - target: {fileID: 3050070939443988500, guid: 1dc23ddd37d3fe342a6605b0475749fc,
        type: 3}
      propertyPath: m_SizeDelta.y
      value: 0
      objectReference: {fileID: 0}
    - target: {fileID: 5100913574136763630, guid: 1dc23ddd37d3fe342a6605b0475749fc,
        type: 3}
      propertyPath: m_Sprite
      value: 
      objectReference: {fileID: -676083873334752809, guid: 03ae290c95f48994e940e94b71a55a02,
        type: 3}
    - target: {fileID: 5395837422720612757, guid: 1dc23ddd37d3fe342a6605b0475749fc,
        type: 3}
      propertyPath: m_Sprite
      value: 
      objectReference: {fileID: 8057640557903131131, guid: 03ae290c95f48994e940e94b71a55a02,
        type: 3}
    - target: {fileID: 6821591658599616572, guid: 1dc23ddd37d3fe342a6605b0475749fc,
        type: 3}
      propertyPath: m_IsActive
      value: 0
      objectReference: {fileID: 0}
    - target: {fileID: 7153342088699040535, guid: 1dc23ddd37d3fe342a6605b0475749fc,
        type: 3}
      propertyPath: m_IsActive
      value: 1
      objectReference: {fileID: 0}
    - target: {fileID: 7321981290613875138, guid: 1dc23ddd37d3fe342a6605b0475749fc,
        type: 3}
      propertyPath: m_Sprite
      value: 
      objectReference: {fileID: -676083873334752809, guid: 03ae290c95f48994e940e94b71a55a02,
        type: 3}
    - target: {fileID: 7784720083183499086, guid: 1dc23ddd37d3fe342a6605b0475749fc,
        type: 3}
      propertyPath: m_Delegates.Array.size
      value: 2
      objectReference: {fileID: 0}
    - target: {fileID: 7784720083183499086, guid: 1dc23ddd37d3fe342a6605b0475749fc,
        type: 3}
      propertyPath: m_Delegates.Array.data[0].callback.m_PersistentCalls.m_Calls.Array.size
      value: 1
      objectReference: {fileID: 0}
    - target: {fileID: 7784720083183499086, guid: 1dc23ddd37d3fe342a6605b0475749fc,
        type: 3}
      propertyPath: m_Delegates.Array.data[1].callback.m_PersistentCalls.m_Calls.Array.size
      value: 1
      objectReference: {fileID: 0}
    - target: {fileID: 7784720083183499086, guid: 1dc23ddd37d3fe342a6605b0475749fc,
        type: 3}
      propertyPath: m_Delegates.Array.data[1].eventID
      value: 1
      objectReference: {fileID: 0}
    - target: {fileID: 7784720083183499086, guid: 1dc23ddd37d3fe342a6605b0475749fc,
        type: 3}
      propertyPath: m_Delegates.Array.data[0].callback.m_PersistentCalls.m_Calls.Array.data[0].m_Mode
      value: 1
      objectReference: {fileID: 0}
    - target: {fileID: 7784720083183499086, guid: 1dc23ddd37d3fe342a6605b0475749fc,
        type: 3}
      propertyPath: m_Delegates.Array.data[0].callback.m_PersistentCalls.m_Calls.Array.data[0].m_CallState
      value: 2
      objectReference: {fileID: 0}
    - target: {fileID: 7784720083183499086, guid: 1dc23ddd37d3fe342a6605b0475749fc,
        type: 3}
      propertyPath: m_Delegates.Array.data[1].callback.m_PersistentCalls.m_Calls.Array.data[0].m_Mode
      value: 1
      objectReference: {fileID: 0}
    - target: {fileID: 7784720083183499086, guid: 1dc23ddd37d3fe342a6605b0475749fc,
        type: 3}
      propertyPath: m_Delegates.Array.data[1].callback.m_PersistentCalls.m_Calls.Array.data[0].m_CallState
      value: 2
      objectReference: {fileID: 0}
    - target: {fileID: 7784720083183499086, guid: 1dc23ddd37d3fe342a6605b0475749fc,
        type: 3}
      propertyPath: m_Delegates.Array.data[0].callback.m_PersistentCalls.m_Calls.Array.data[0].m_Target
      value: 
      objectReference: {fileID: 2370054080650880640}
    - target: {fileID: 7784720083183499086, guid: 1dc23ddd37d3fe342a6605b0475749fc,
        type: 3}
      propertyPath: m_Delegates.Array.data[1].callback.m_PersistentCalls.m_Calls.Array.data[0].m_Target
      value: 
      objectReference: {fileID: 2370054080650880640}
    - target: {fileID: 7784720083183499086, guid: 1dc23ddd37d3fe342a6605b0475749fc,
        type: 3}
      propertyPath: m_Delegates.Array.data[0].callback.m_PersistentCalls.m_Calls.Array.data[0].m_MethodName
      value: HoverOn
      objectReference: {fileID: 0}
    - target: {fileID: 7784720083183499086, guid: 1dc23ddd37d3fe342a6605b0475749fc,
        type: 3}
      propertyPath: m_Delegates.Array.data[0].callback.m_PersistentCalls.m_Calls.Array.data[0].m_Arguments.m_ObjectArgumentAssemblyTypeName
      value: UnityEngine.Object, UnityEngine
      objectReference: {fileID: 0}
    - target: {fileID: 7784720083183499086, guid: 1dc23ddd37d3fe342a6605b0475749fc,
        type: 3}
      propertyPath: m_Delegates.Array.data[1].callback.m_PersistentCalls.m_Calls.Array.data[0].m_MethodName
      value: HoverOff
      objectReference: {fileID: 0}
    - target: {fileID: 7784720083183499086, guid: 1dc23ddd37d3fe342a6605b0475749fc,
        type: 3}
      propertyPath: m_Delegates.Array.data[1].callback.m_PersistentCalls.m_Calls.Array.data[0].m_Arguments.m_ObjectArgumentAssemblyTypeName
      value: UnityEngine.Object, UnityEngine
      objectReference: {fileID: 0}
    - target: {fileID: 8261375661939156173, guid: 1dc23ddd37d3fe342a6605b0475749fc,
        type: 3}
      propertyPath: m_AnchoredPosition.x
      value: 0
      objectReference: {fileID: 0}
    - target: {fileID: 8261375661939156173, guid: 1dc23ddd37d3fe342a6605b0475749fc,
        type: 3}
      propertyPath: m_SizeDelta.x
      value: 0
      objectReference: {fileID: 0}
    - target: {fileID: 8261375661939156173, guid: 1dc23ddd37d3fe342a6605b0475749fc,
        type: 3}
      propertyPath: m_AnchoredPosition.y
      value: 0
      objectReference: {fileID: 0}
    - target: {fileID: 8261375661939156173, guid: 1dc23ddd37d3fe342a6605b0475749fc,
        type: 3}
      propertyPath: m_SizeDelta.y
      value: 0
      objectReference: {fileID: 0}
    m_RemovedComponents: []
  m_SourcePrefab: {fileID: 100100000, guid: 1dc23ddd37d3fe342a6605b0475749fc, type: 3}
--- !u!224 &4352237161401448037 stripped
RectTransform:
  m_CorrespondingSourceObject: {fileID: 467670229794291692, guid: 1dc23ddd37d3fe342a6605b0475749fc,
    type: 3}
  m_PrefabInstance: {fileID: 4187009801231763849}
  m_PrefabAsset: {fileID: 0}
--- !u!114 &2370054080650880640 stripped
MonoBehaviour:
  m_CorrespondingSourceObject: {fileID: 1945309410227564297, guid: 1dc23ddd37d3fe342a6605b0475749fc,
    type: 3}
  m_PrefabInstance: {fileID: 4187009801231763849}
  m_PrefabAsset: {fileID: 0}
  m_GameObject: {fileID: 0}
  m_Enabled: 1
  m_EditorHideFlags: 0
  m_Script: {fileID: 11500000, guid: 26e90f77ee710af4583d4be5b89020a2, type: 3}
  m_Name: 
  m_EditorClassIdentifier: 
--- !u!1 &6439858853000403614 stripped
GameObject:
  m_CorrespondingSourceObject: {fileID: 7153342088699040535, guid: 1dc23ddd37d3fe342a6605b0475749fc,
    type: 3}
  m_PrefabInstance: {fileID: 4187009801231763849}
  m_PrefabAsset: {fileID: 0}
