%YAML 1.1
%TAG !u! tag:unity3d.com,2011:
--- !u!1 &2114874292222244248
GameObject:
  m_ObjectHideFlags: 0
  m_CorrespondingSourceObject: {fileID: 0}
  m_PrefabInstance: {fileID: 0}
  m_PrefabAsset: {fileID: 0}
  serializedVersion: 6
  m_Component:
  - component: {fileID: 6222874908349192741}
  - component: {fileID: 1767495533444054703}
  m_Layer: 0
  m_Name: SpriteReader
  m_TagString: Untagged
  m_Icon: {fileID: 0}
  m_NavMeshLayer: 0
  m_StaticEditorFlags: 0
  m_IsActive: 1
--- !u!4 &6222874908349192741
Transform:
  m_ObjectHideFlags: 0
  m_CorrespondingSourceObject: {fileID: 0}
  m_PrefabInstance: {fileID: 0}
  m_PrefabAsset: {fileID: 0}
  m_GameObject: {fileID: 2114874292222244248}
  m_LocalRotation: {x: 0, y: 0, z: 0, w: 1}
  m_LocalPosition: {x: 0, y: 0, z: 0}
  m_LocalScale: {x: 1, y: 1, z: 1}
  m_Children: []
  m_Father: {fileID: 8069999622351320470}
  m_RootOrder: 0
  m_LocalEulerAnglesHint: {x: 0, y: 0, z: 0}
--- !u!114 &1767495533444054703
MonoBehaviour:
  m_ObjectHideFlags: 0
  m_CorrespondingSourceObject: {fileID: 0}
  m_PrefabInstance: {fileID: 0}
  m_PrefabAsset: {fileID: 0}
  m_GameObject: {fileID: 2114874292222244248}
  m_Enabled: 1
  m_EditorHideFlags: 0
  m_Script: {fileID: 11500000, guid: bdf6e21bfdadbe044948dfc5c8b01b4e, type: 3}
  m_Name: 
  m_EditorClassIdentifier: 
  debugSprite: {fileID: 21300000, guid: 6dd52074017555c4bbbe5ac00d3a2151, type: 3}
  defaultSprite: {fileID: 21300000, guid: 1d8ff408224a2b142b1ce7ebb4abe9a2, type: 3}
--- !u!1 &8069999622351320468
GameObject:
  m_ObjectHideFlags: 0
  m_CorrespondingSourceObject: {fileID: 0}
  m_PrefabInstance: {fileID: 0}
  m_PrefabAsset: {fileID: 0}
  serializedVersion: 6
  m_Component:
  - component: {fileID: 8069999622351320470}
  - component: {fileID: 8069999622351320469}
  - component: {fileID: 757140091748603692}
  - component: {fileID: 8073681189335041507}
  - component: {fileID: 6922146322150642317}
  - component: {fileID: 7871632255204978717}
  - component: {fileID: 3513391038347857233}
  - component: {fileID: 6366922054080258686}
  - component: {fileID: 8332211966065340085}
  - component: {fileID: 1335309587140868102}
  - component: {fileID: 1667086223357462613}
  - component: {fileID: 8348089352657985695}
  - component: {fileID: 7049090429656405681}
  - component: {fileID: 6392689504430869153}
  - component: {fileID: 6481372185896003022}
  m_Layer: 0
  m_Name: DataReader
  m_TagString: Untagged
  m_Icon: {fileID: 0}
  m_NavMeshLayer: 0
  m_StaticEditorFlags: 0
  m_IsActive: 1
--- !u!4 &8069999622351320470
Transform:
  m_ObjectHideFlags: 0
  m_CorrespondingSourceObject: {fileID: 0}
  m_PrefabInstance: {fileID: 0}
  m_PrefabAsset: {fileID: 0}
  m_GameObject: {fileID: 8069999622351320468}
  m_LocalRotation: {x: -0, y: -0, z: -0, w: 1}
  m_LocalPosition: {x: 0, y: 0, z: -10}
  m_LocalScale: {x: 1, y: 1, z: 1}
  m_Children:
  - {fileID: 6222874908349192741}
  m_Father: {fileID: 0}
  m_RootOrder: 0
  m_LocalEulerAnglesHint: {x: 0, y: 0, z: 0}
--- !u!114 &8069999622351320469
MonoBehaviour:
  m_ObjectHideFlags: 0
  m_CorrespondingSourceObject: {fileID: 0}
  m_PrefabInstance: {fileID: 0}
  m_PrefabAsset: {fileID: 0}
  m_GameObject: {fileID: 8069999622351320468}
  m_Enabled: 1
  m_EditorHideFlags: 0
  m_Script: {fileID: 11500000, guid: 43003c600a9d40b4ebf514aec5bc3040, type: 3}
  m_Name: 
  m_EditorClassIdentifier: 
  DataReady: 0
  dCharacterStats: {fileID: 11400000, guid: b2fab33c17444fa44940d59bdd077aa9, type: 2}
  dChronicleActivity: {fileID: 11400000, guid: 38205e07e5fa37c40adda8a61aabf401, type: 2}
  dJournalOption: {fileID: 11400000, guid: 305bf38651e2f93448874b6e1ce88d1c, type: 2}
  dJournalStyle: {fileID: 11400000, guid: 2e9aae81215a3dc4a9d410eddb38f934, type: 2}
  dJournalReward: {fileID: 11400000, guid: 6432995e09627a644bfe5d559af1b5e1, type: 2}
  dPark: {fileID: 11400000, guid: cba561521d5107a4ab41cab5dc8720cf, type: 2}
  dParkNode: {fileID: 11400000, guid: 6f51cb22572348342996393995fdad88, type: 2}
  dParkPath: {fileID: 11400000, guid: c472f1d5606e93747b4f019d93a38614, type: 2}
  dParkReward: {fileID: 11400000, guid: 6cb0f30b80b4902428a20cc8c23efbb8, type: 2}
  dParkAction: {fileID: 11400000, guid: 7863f4da9336adb4a809acc11711b04b, type: 2}
  dParkRegularAction: {fileID: 11400000, guid: 7feb4eb7950972141bef42c1127bffde, type: 2}
  dParkStayAction: {fileID: 11400000, guid: 99267f748eb6cf044a6b5d8e6128f618, type: 2}
  dParkForwardAction: {fileID: 11400000, guid: a5ddaaddee9b45e4f99fbab1e4fb1f02, type: 2}
  dParkDangerAction: {fileID: 11400000, guid: e94aee3f4082be34d8d34c557b888e07, type: 2}
  dParkSolarTerm: {fileID: 11400000, guid: 3e10081a8b8bc504f97bd01b56efe5e7, type: 2}
  dView: {fileID: 11400000, guid: a82c5594547d7d643b28242f0df69b56, type: 2}
  dCollectible: {fileID: 11400000, guid: f8479e31a1a17cc48b19013b6907a002, type: 2}
  allKeywords: {fileID: 11400000, guid: e11ef8b131ec5e04d9a27a8e99c816be, type: 2}
  dContentItem: {fileID: 11400000, guid: b0570bb121b45b04c8a9a85c3b22a31f, type: 2}
  plevelDict: {fileID: 11400000, guid: 4d96d47997d03034cafee21503624d06, type: 2}
  equipmentDict: {fileID: 11400000, guid: 709793b5d27cfbb49ade6509a09cec8d, type: 2}
  traitDict: {fileID: 11400000, guid: 38fdbdfebf26944418cb8041c653d6af, type: 2}
  currencyDict: {fileID: 11400000, guid: 474af496866147f479cd127a39577e19, type: 2}
  buffDict: {fileID: 11400000, guid: f5238b3e07b713045b74a88c9d1fc5b8, type: 2}
  scopeDict: {fileID: 11400000, guid: a1aa7e951155194479a52237d7d18d88, type: 2}
  activeChildren: []
  AllDataLoaded: {fileID: 11400000, guid: fb7172d0adfebdd40b54b7ed803c3c91, type: 2}
  loadingData: {fileID: 11400000, guid: a9a1418128c628f418728167e190836b, type: 2}
  GameLoading: {fileID: 11400000, guid: 83ed14ec1e31d7645adb2b972f31f994, type: 2}
--- !u!114 &757140091748603692
MonoBehaviour:
  m_ObjectHideFlags: 0
  m_CorrespondingSourceObject: {fileID: 0}
  m_PrefabInstance: {fileID: 0}
  m_PrefabAsset: {fileID: 0}
  m_GameObject: {fileID: 8069999622351320468}
  m_Enabled: 1
  m_EditorHideFlags: 0
  m_Script: {fileID: 11500000, guid: 69db8eafa24751b4ab3ca12a7cc4989e, type: 3}
  m_Name: 
  m_EditorClassIdentifier: 
  finished: 0
  keywords: {fileID: 11400000, guid: 81d132fd97967da4ca477960df513857, type: 2}
  keywordRuleset: {fileID: 11400000, guid: f74c795d53010934aaa810e73cf0030e, type: 2}
--- !u!114 &8073681189335041507
MonoBehaviour:
  m_ObjectHideFlags: 0
  m_CorrespondingSourceObject: {fileID: 0}
  m_PrefabInstance: {fileID: 0}
  m_PrefabAsset: {fileID: 0}
  m_GameObject: {fileID: 8069999622351320468}
  m_Enabled: 1
  m_EditorHideFlags: 0
  m_Script: {fileID: 11500000, guid: 89d62762975dc4c46b97243d182aa6e4, type: 3}
  m_Name: 
  m_EditorClassIdentifier: 
  finished: 0
  currencyDict: {fileID: 11400000, guid: 474af496866147f479cd127a39577e19, type: 2}
--- !u!114 &6922146322150642317
MonoBehaviour:
  m_ObjectHideFlags: 0
  m_CorrespondingSourceObject: {fileID: 0}
  m_PrefabInstance: {fileID: 0}
  m_PrefabAsset: {fileID: 0}
  m_GameObject: {fileID: 8069999622351320468}
  m_Enabled: 1
  m_EditorHideFlags: 0
  m_Script: {fileID: 11500000, guid: f4f4765c77b63204aa1ae2465971e177, type: 3}
  m_Name: 
  m_EditorClassIdentifier: 
  finished: 0
  buffDefDict: {fileID: 11400000, guid: f5238b3e07b713045b74a88c9d1fc5b8, type: 2}
  scopeDefDict: {fileID: 11400000, guid: a1aa7e951155194479a52237d7d18d88, type: 2}
--- !u!114 &7871632255204978717
MonoBehaviour:
  m_ObjectHideFlags: 0
  m_CorrespondingSourceObject: {fileID: 0}
  m_PrefabInstance: {fileID: 0}
  m_PrefabAsset: {fileID: 0}
  m_GameObject: {fileID: 8069999622351320468}
  m_Enabled: 1
  m_EditorHideFlags: 0
  m_Script: {fileID: 11500000, guid: 871c605ee8f054949a297875e1d57234, type: 3}
  m_Name: 
  m_EditorClassIdentifier: 
  finished: 0
  viewDict: {fileID: 11400000, guid: a82c5594547d7d643b28242f0df69b56, type: 2}
  collectibleDict: {fileID: 11400000, guid: f8479e31a1a17cc48b19013b6907a002, type: 2}
--- !u!114 &3513391038347857233
MonoBehaviour:
  m_ObjectHideFlags: 0
  m_CorrespondingSourceObject: {fileID: 0}
  m_PrefabInstance: {fileID: 0}
  m_PrefabAsset: {fileID: 0}
  m_GameObject: {fileID: 8069999622351320468}
  m_Enabled: 1
  m_EditorHideFlags: 0
  m_Script: {fileID: 11500000, guid: 4254adf6c6fa9fe4aad166beb53c079d, type: 3}
  m_Name: 
  m_EditorClassIdentifier: 
  finished: 0
  dPark: {fileID: 11400000, guid: cba561521d5107a4ab41cab5dc8720cf, type: 2}
  dParkNode: {fileID: 11400000, guid: 6f51cb22572348342996393995fdad88, type: 2}
  dParkPath: {fileID: 11400000, guid: c472f1d5606e93747b4f019d93a38614, type: 2}
  dParkReward: {fileID: 11400000, guid: 6cb0f30b80b4902428a20cc8c23efbb8, type: 2}
  dParkAction: {fileID: 11400000, guid: 7863f4da9336adb4a809acc11711b04b, type: 2}
  dParkRegularAction: {fileID: 11400000, guid: 7feb4eb7950972141bef42c1127bffde, type: 2}
  dParkStayAction: {fileID: 11400000, guid: 99267f748eb6cf044a6b5d8e6128f618, type: 2}
  dParkForwardAction: {fileID: 11400000, guid: a5ddaaddee9b45e4f99fbab1e4fb1f02, type: 2}
  dParkDangerAction: {fileID: 11400000, guid: e94aee3f4082be34d8d34c557b888e07, type: 2}
  dParkSolarTerm: {fileID: 11400000, guid: 3e10081a8b8bc504f97bd01b56efe5e7, type: 2}
--- !u!114 &6366922054080258686
MonoBehaviour:
  m_ObjectHideFlags: 0
  m_CorrespondingSourceObject: {fileID: 0}
  m_PrefabInstance: {fileID: 0}
  m_PrefabAsset: {fileID: 0}
  m_GameObject: {fileID: 8069999622351320468}
  m_Enabled: 1
  m_EditorHideFlags: 0
  m_Script: {fileID: 11500000, guid: fe87512f9e16f2940bcb8961d3a892b1, type: 3}
  m_Name: 
  m_EditorClassIdentifier: 
  finished: 0
  dJournalOption: {fileID: 11400000, guid: 305bf38651e2f93448874b6e1ce88d1c, type: 2}
  dJournalStyle: {fileID: 11400000, guid: 2e9aae81215a3dc4a9d410eddb38f934, type: 2}
  dJournalReward: {fileID: 11400000, guid: 6432995e09627a644bfe5d559af1b5e1, type: 2}
--- !u!114 &8332211966065340085
MonoBehaviour:
  m_ObjectHideFlags: 0
  m_CorrespondingSourceObject: {fileID: 0}
  m_PrefabInstance: {fileID: 0}
  m_PrefabAsset: {fileID: 0}
  m_GameObject: {fileID: 8069999622351320468}
  m_Enabled: 1
  m_EditorHideFlags: 0
  m_Script: {fileID: 11500000, guid: bde3eada4bc255045b9dd8ccf2ecb108, type: 3}
  m_Name: 
  m_EditorClassIdentifier: 
  finished: 0
  dChronicleActivity: {fileID: 11400000, guid: 38205e07e5fa37c40adda8a61aabf401, type: 2}
--- !u!114 &1335309587140868102
MonoBehaviour:
  m_ObjectHideFlags: 0
  m_CorrespondingSourceObject: {fileID: 0}
  m_PrefabInstance: {fileID: 0}
  m_PrefabAsset: {fileID: 0}
  m_GameObject: {fileID: 8069999622351320468}
  m_Enabled: 1
  m_EditorHideFlags: 0
  m_Script: {fileID: 11500000, guid: acc964357195c3d449790d8493ac03a6, type: 3}
  m_Name: 
  m_EditorClassIdentifier: 
  finished: 0
  equipmentDict: {fileID: 11400000, guid: 709793b5d27cfbb49ade6509a09cec8d, type: 2}
--- !u!114 &1667086223357462613
MonoBehaviour:
  m_ObjectHideFlags: 0
  m_CorrespondingSourceObject: {fileID: 0}
  m_PrefabInstance: {fileID: 0}
  m_PrefabAsset: {fileID: 0}
  m_GameObject: {fileID: 8069999622351320468}
  m_Enabled: 1
  m_EditorHideFlags: 0
  m_Script: {fileID: 11500000, guid: 7f7496cb32c0bf84e868bc15170ad4ab, type: 3}
  m_Name: 
  m_EditorClassIdentifier: 
  finished: 0
  traitDict: {fileID: 11400000, guid: 38fdbdfebf26944418cb8041c653d6af, type: 2}
--- !u!114 &8348089352657985695
MonoBehaviour:
  m_ObjectHideFlags: 0
  m_CorrespondingSourceObject: {fileID: 0}
  m_PrefabInstance: {fileID: 0}
  m_PrefabAsset: {fileID: 0}
  m_GameObject: {fileID: 8069999622351320468}
  m_Enabled: 1
  m_EditorHideFlags: 0
  m_Script: {fileID: 11500000, guid: 02a10d1a31757a44ca1be6f19ee622f3, type: 3}
  m_Name: 
  m_EditorClassIdentifier: 
  finished: 0
  plevelDict: {fileID: 11400000, guid: 4d96d47997d03034cafee21503624d06, type: 2}
--- !u!114 &7049090429656405681
MonoBehaviour:
  m_ObjectHideFlags: 0
  m_CorrespondingSourceObject: {fileID: 0}
  m_PrefabInstance: {fileID: 0}
  m_PrefabAsset: {fileID: 0}
  m_GameObject: {fileID: 8069999622351320468}
  m_Enabled: 1
  m_EditorHideFlags: 0
  m_Script: {fileID: 11500000, guid: dabb3d66edb1a1b41a6d98cb02968645, type: 3}
  m_Name: 
  m_EditorClassIdentifier: 
  finished: 0
  dCharacterStat: {fileID: 11400000, guid: b2fab33c17444fa44940d59bdd077aa9, type: 2}
--- !u!114 &6392689504430869153
MonoBehaviour:
  m_ObjectHideFlags: 0
  m_CorrespondingSourceObject: {fileID: 0}
  m_PrefabInstance: {fileID: 0}
  m_PrefabAsset: {fileID: 0}
  m_GameObject: {fileID: 8069999622351320468}
  m_Enabled: 1
  m_EditorHideFlags: 0
  m_Script: {fileID: 11500000, guid: dcc228610a768414ebf4d4ab24ac16a5, type: 3}
  m_Name: 
  m_EditorClassIdentifier: 
  finished: 0
  dContentItem: {fileID: 11400000, guid: b0570bb121b45b04c8a9a85c3b22a31f, type: 2}
--- !u!114 &6481372185896003022
MonoBehaviour:
  m_ObjectHideFlags: 0
  m_CorrespondingSourceObject: {fileID: 0}
  m_PrefabInstance: {fileID: 0}
  m_PrefabAsset: {fileID: 0}
  m_GameObject: {fileID: 8069999622351320468}
  m_Enabled: 1
  m_EditorHideFlags: 0
  m_Script: {fileID: 11500000, guid: 3f2740e98c7466c429f799e3d7f76839, type: 3}
  m_Name: 
  m_EditorClassIdentifier: 
  Events:
  - Event: {fileID: 11400000, guid: fca2eb8ba2860fd4f9779fe6a23d3723, type: 2}
    Response:
      m_PersistentCalls:
        m_Calls:
        - m_Target: {fileID: 8069999622351320469}
          m_MethodName: LoadDataFromXLS
          m_Mode: 1
          m_Arguments:
            m_ObjectArgument: {fileID: 0}
            m_ObjectArgumentAssemblyTypeName: UnityEngine.Object, UnityEngine
            m_IntArgument: 0
            m_FloatArgument: 0
            m_StringArgument: 
            m_BoolArgument: 0
          m_CallState: 2
