%YAML 1.1
%TAG !u! tag:unity3d.com,2011:
--- !u!241 &24100000
AudioMixerController:
  m_ObjectHideFlags: 0
  m_CorrespondingSourceObject: {fileID: 0}
  m_PrefabInstance: {fileID: 0}
  m_PrefabAsset: {fileID: 0}
  m_Name: BgMusicAudioMixer
  m_OutputGroup: {fileID: 0}
  m_MasterGroup: {fileID: 24300002}
  m_Snapshots:
  - {fileID: 24500006}
  m_StartSnapshot: {fileID: 24500006}
  m_SuspendThreshold: -80
  m_EnableSuspend: 1
  m_UpdateMode: 0
  m_ExposedParameters:
  - guid: 8f5e6205d0f2e1946a77c13941131c0c
    name: BgVolume0
  - guid: 839e994a9afbb344abe76c14e9b2c0ad
    name: BgVolume1
  m_AudioMixerGroupViews:
  - guids:
    - fe38d38a86819bb4482d235b83751f6b
    - 2da22ccc75e7f1940949536b73dbd279
    - b37e51e41e9cc5348a1a41211cc2d45a
    name: View
  m_CurrentViewIndex: 0
  m_TargetSnapshot: {fileID: 24500006}
--- !u!243 &24300002
AudioMixerGroupController:
  m_ObjectHideFlags: 0
  m_CorrespondingSourceObject: {fileID: 0}
  m_PrefabInstance: {fileID: 0}
  m_PrefabAsset: {fileID: 0}
  m_Name: Master
  m_AudioMixer: {fileID: 24100000}
  m_GroupID: fe38d38a86819bb4482d235b83751f6b
  m_Children:
  - {fileID: 2529374440877797444}
  - {fileID: 3456215020017791255}
  m_Volume: 0a3ea30091d047f48b061b994862b65b
  m_Pitch: bdfc42c2880edcf4fa8f23c178b8d934
  m_Send: 00000000000000000000000000000000
  m_Effects:
  - {fileID: 24400004}
  m_UserColorIndex: 0
  m_Mute: 0
  m_Solo: 0
  m_BypassEffects: 0
--- !u!244 &24400004
AudioMixerEffectController:
  m_ObjectHideFlags: 3
  m_CorrespondingSourceObject: {fileID: 0}
  m_PrefabInstance: {fileID: 0}
  m_PrefabAsset: {fileID: 0}
  m_Name: 
  m_EffectID: e79599b477909a443a5ab3282f1c4488
  m_EffectName: Attenuation
  m_MixLevel: cc0e865c5393d7c44b70aa0d3ee7952b
  m_Parameters: []
  m_SendTarget: {fileID: 0}
  m_EnableWetMix: 0
  m_Bypass: 0
--- !u!245 &24500006
AudioMixerSnapshotController:
  m_ObjectHideFlags: 0
  m_CorrespondingSourceObject: {fileID: 0}
  m_PrefabInstance: {fileID: 0}
  m_PrefabAsset: {fileID: 0}
  m_Name: Snapshot
  m_AudioMixer: {fileID: 24100000}
  m_SnapshotID: 013a9e5a052d43f46ac3d0a79e692707
  m_FloatValues:
    0a3ea30091d047f48b061b994862b65b: -1.761301
    839e994a9afbb344abe76c14e9b2c0ad: 0
  m_TransitionOverrides: {}
--- !u!243 &2529374440877797444
AudioMixerGroupController:
  m_ObjectHideFlags: 0
  m_CorrespondingSourceObject: {fileID: 0}
  m_PrefabInstance: {fileID: 0}
  m_PrefabAsset: {fileID: 0}
  m_Name: Bg0
  m_AudioMixer: {fileID: 24100000}
  m_GroupID: b37e51e41e9cc5348a1a41211cc2d45a
  m_Children: []
  m_Volume: 8f5e6205d0f2e1946a77c13941131c0c
  m_Pitch: b390d8d5f2687454fb4eb3bfa361c2ce
  m_Send: 00000000000000000000000000000000
  m_Effects:
  - {fileID: 3547390056433963068}
  m_UserColorIndex: 0
  m_Mute: 0
  m_Solo: 0
  m_BypassEffects: 0
--- !u!243 &3456215020017791255
AudioMixerGroupController:
  m_ObjectHideFlags: 0
  m_CorrespondingSourceObject: {fileID: 0}
  m_PrefabInstance: {fileID: 0}
  m_PrefabAsset: {fileID: 0}
  m_Name: Bg1
  m_AudioMixer: {fileID: 24100000}
  m_GroupID: 2da22ccc75e7f1940949536b73dbd279
  m_Children: []
  m_Volume: 839e994a9afbb344abe76c14e9b2c0ad
  m_Pitch: 9d84d4aa1cda55d47bd9636736b26084
  m_Send: 00000000000000000000000000000000
  m_Effects:
  - {fileID: 7272383866454990227}
  m_UserColorIndex: 0
  m_Mute: 0
  m_Solo: 0
  m_BypassEffects: 0
--- !u!244 &3547390056433963068
AudioMixerEffectController:
  m_ObjectHideFlags: 3
  m_CorrespondingSourceObject: {fileID: 0}
  m_PrefabInstance: {fileID: 0}
  m_PrefabAsset: {fileID: 0}
  m_Name: 
  m_EffectID: 8fdd6e2880e21ef40abb68ddf1aca20f
  m_EffectName: Attenuation
  m_MixLevel: 84f46bb936d0608409dad68aac2204be
  m_Parameters: []
  m_SendTarget: {fileID: 0}
  m_EnableWetMix: 0
  m_Bypass: 0
--- !u!244 &7272383866454990227
AudioMixerEffectController:
  m_ObjectHideFlags: 3
  m_CorrespondingSourceObject: {fileID: 0}
  m_PrefabInstance: {fileID: 0}
  m_PrefabAsset: {fileID: 0}
  m_Name: 
  m_EffectID: d4a4f5f09dc17244b8a295bf996b136b
  m_EffectName: Attenuation
  m_MixLevel: adc8be7035b5d6a4090a043e3daa63a7
  m_Parameters: []
  m_SendTarget: {fileID: 0}
  m_EnableWetMix: 0
  m_Bypass: 0
