%YAML 1.1
%TAG !u! tag:unity3d.com,2011:
--- !u!114 &4270774508708753519
MonoBehaviour:
  m_ObjectHideFlags: 0
  m_CorrespondingSourceObject: {fileID: 0}
  m_PrefabInstance: {fileID: 0}
  m_PrefabAsset: {fileID: 0}
  m_GameObject: {fileID: 6091506887380678776}
  m_Enabled: 1
  m_EditorHideFlags: 0
  m_Script: {fileID: 11500000, guid: 3b8e1eddee87c254d8c5135bce8180ab, type: 3}
  m_Name: 
  m_EditorClassIdentifier: 
  submissionOptionUID: 
  submissionName: {fileID: 455116148560380579}
  art: {fileID: 2819257577643460081}
  totalStar: {fileID: 3164472960500885645}
  descTxt: {fileID: 3664776494947947814}
  submit_btn: {fileID: 3812090912681778416}
--- !u!1001 &1546658559837605772
PrefabInstance:
  m_ObjectHideFlags: 0
  serializedVersion: 2
  m_Modification:
    m_TransformParent: {fileID: 0}
    m_Modifications:
    - target: {fileID: 451829026279976672, guid: a9b479dedb0141e4e84ebdd1330c2905,
        type: 3}
      propertyPath: m_LocalPosition.x
      value: 0
      objectReference: {fileID: 0}
    - target: {fileID: 451829026279976672, guid: a9b479dedb0141e4e84ebdd1330c2905,
        type: 3}
      propertyPath: m_LocalPosition.y
      value: 0
      objectReference: {fileID: 0}
    - target: {fileID: 451829026279976672, guid: a9b479dedb0141e4e84ebdd1330c2905,
        type: 3}
      propertyPath: m_LocalPosition.z
      value: 0
      objectReference: {fileID: 0}
    - target: {fileID: 451829026279976672, guid: a9b479dedb0141e4e84ebdd1330c2905,
        type: 3}
      propertyPath: m_LocalRotation.x
      value: -0
      objectReference: {fileID: 0}
    - target: {fileID: 451829026279976672, guid: a9b479dedb0141e4e84ebdd1330c2905,
        type: 3}
      propertyPath: m_LocalRotation.y
      value: -0
      objectReference: {fileID: 0}
    - target: {fileID: 451829026279976672, guid: a9b479dedb0141e4e84ebdd1330c2905,
        type: 3}
      propertyPath: m_LocalRotation.z
      value: -0
      objectReference: {fileID: 0}
    - target: {fileID: 451829026279976672, guid: a9b479dedb0141e4e84ebdd1330c2905,
        type: 3}
      propertyPath: m_LocalRotation.w
      value: 1
      objectReference: {fileID: 0}
    - target: {fileID: 451829026279976672, guid: a9b479dedb0141e4e84ebdd1330c2905,
        type: 3}
      propertyPath: m_RootOrder
      value: 0
      objectReference: {fileID: 0}
    - target: {fileID: 451829026279976672, guid: a9b479dedb0141e4e84ebdd1330c2905,
        type: 3}
      propertyPath: m_LocalEulerAnglesHint.x
      value: 0
      objectReference: {fileID: 0}
    - target: {fileID: 451829026279976672, guid: a9b479dedb0141e4e84ebdd1330c2905,
        type: 3}
      propertyPath: m_LocalEulerAnglesHint.y
      value: 0
      objectReference: {fileID: 0}
    - target: {fileID: 451829026279976672, guid: a9b479dedb0141e4e84ebdd1330c2905,
        type: 3}
      propertyPath: m_LocalEulerAnglesHint.z
      value: 0
      objectReference: {fileID: 0}
    - target: {fileID: 451829026279976672, guid: a9b479dedb0141e4e84ebdd1330c2905,
        type: 3}
      propertyPath: m_AnchoredPosition.x
      value: 0
      objectReference: {fileID: 0}
    - target: {fileID: 451829026279976672, guid: a9b479dedb0141e4e84ebdd1330c2905,
        type: 3}
      propertyPath: m_AnchoredPosition.y
      value: 0
      objectReference: {fileID: 0}
    - target: {fileID: 451829026279976672, guid: a9b479dedb0141e4e84ebdd1330c2905,
        type: 3}
      propertyPath: m_SizeDelta.x
      value: 500
      objectReference: {fileID: 0}
    - target: {fileID: 451829026279976672, guid: a9b479dedb0141e4e84ebdd1330c2905,
        type: 3}
      propertyPath: m_SizeDelta.y
      value: 500
      objectReference: {fileID: 0}
    - target: {fileID: 451829026279976672, guid: a9b479dedb0141e4e84ebdd1330c2905,
        type: 3}
      propertyPath: m_AnchorMin.x
      value: 0.5
      objectReference: {fileID: 0}
    - target: {fileID: 451829026279976672, guid: a9b479dedb0141e4e84ebdd1330c2905,
        type: 3}
      propertyPath: m_AnchorMin.y
      value: 0.5
      objectReference: {fileID: 0}
    - target: {fileID: 451829026279976672, guid: a9b479dedb0141e4e84ebdd1330c2905,
        type: 3}
      propertyPath: m_AnchorMax.x
      value: 0.5
      objectReference: {fileID: 0}
    - target: {fileID: 451829026279976672, guid: a9b479dedb0141e4e84ebdd1330c2905,
        type: 3}
      propertyPath: m_AnchorMax.y
      value: 0.5
      objectReference: {fileID: 0}
    - target: {fileID: 451829026279976672, guid: a9b479dedb0141e4e84ebdd1330c2905,
        type: 3}
      propertyPath: m_Pivot.x
      value: 0.5
      objectReference: {fileID: 0}
    - target: {fileID: 451829026279976672, guid: a9b479dedb0141e4e84ebdd1330c2905,
        type: 3}
      propertyPath: m_Pivot.y
      value: 0.5
      objectReference: {fileID: 0}
    - target: {fileID: 486417759802653130, guid: a9b479dedb0141e4e84ebdd1330c2905,
        type: 3}
      propertyPath: m_AnchorMin.y
      value: 0
      objectReference: {fileID: 0}
    - target: {fileID: 486417759802653130, guid: a9b479dedb0141e4e84ebdd1330c2905,
        type: 3}
      propertyPath: m_AnchorMax.y
      value: 0
      objectReference: {fileID: 0}
    - target: {fileID: 486417759802653130, guid: a9b479dedb0141e4e84ebdd1330c2905,
        type: 3}
      propertyPath: m_AnchoredPosition.y
      value: 0
      objectReference: {fileID: 0}
    - target: {fileID: 634049235118920900, guid: a9b479dedb0141e4e84ebdd1330c2905,
        type: 3}
      propertyPath: m_AnchorMin.y
      value: 1
      objectReference: {fileID: 0}
    - target: {fileID: 634049235118920900, guid: a9b479dedb0141e4e84ebdd1330c2905,
        type: 3}
      propertyPath: m_AnchorMax.y
      value: 1
      objectReference: {fileID: 0}
    - target: {fileID: 634049235118920900, guid: a9b479dedb0141e4e84ebdd1330c2905,
        type: 3}
      propertyPath: m_AnchoredPosition.x
      value: 200
      objectReference: {fileID: 0}
    - target: {fileID: 634049235118920900, guid: a9b479dedb0141e4e84ebdd1330c2905,
        type: 3}
      propertyPath: m_AnchoredPosition.y
      value: -60
      objectReference: {fileID: 0}
    - target: {fileID: 634049235118920901, guid: a9b479dedb0141e4e84ebdd1330c2905,
        type: 3}
      propertyPath: m_IsActive
      value: 0
      objectReference: {fileID: 0}
    - target: {fileID: 634049235118920903, guid: a9b479dedb0141e4e84ebdd1330c2905,
        type: 3}
      propertyPath: m_text
      value: "\u5CAD\u5357"
      objectReference: {fileID: 0}
    - target: {fileID: 670580706542391909, guid: a9b479dedb0141e4e84ebdd1330c2905,
        type: 3}
      propertyPath: m_IsActive
      value: 0
      objectReference: {fileID: 0}
    - target: {fileID: 725228582757624471, guid: a9b479dedb0141e4e84ebdd1330c2905,
        type: 3}
      propertyPath: m_AnchorMin.y
      value: 1
      objectReference: {fileID: 0}
    - target: {fileID: 725228582757624471, guid: a9b479dedb0141e4e84ebdd1330c2905,
        type: 3}
      propertyPath: m_AnchorMax.y
      value: 1
      objectReference: {fileID: 0}
    - target: {fileID: 725228582757624471, guid: a9b479dedb0141e4e84ebdd1330c2905,
        type: 3}
      propertyPath: m_AnchoredPosition.x
      value: 25
      objectReference: {fileID: 0}
    - target: {fileID: 725228582757624471, guid: a9b479dedb0141e4e84ebdd1330c2905,
        type: 3}
      propertyPath: m_AnchoredPosition.y
      value: -85
      objectReference: {fileID: 0}
    - target: {fileID: 1195510285429003890, guid: a9b479dedb0141e4e84ebdd1330c2905,
        type: 3}
      propertyPath: m_IsActive
      value: 1
      objectReference: {fileID: 0}
    - target: {fileID: 1422346624687776552, guid: a9b479dedb0141e4e84ebdd1330c2905,
        type: 3}
      propertyPath: m_text
      value: "\u6E38\u8BB0\u53D1\u8868"
      objectReference: {fileID: 0}
    - target: {fileID: 1784559331637100130, guid: a9b479dedb0141e4e84ebdd1330c2905,
        type: 3}
      propertyPath: m_AnchorMin.y
      value: 1
      objectReference: {fileID: 0}
    - target: {fileID: 1784559331637100130, guid: a9b479dedb0141e4e84ebdd1330c2905,
        type: 3}
      propertyPath: m_AnchorMax.y
      value: 1
      objectReference: {fileID: 0}
    - target: {fileID: 1784559331637100130, guid: a9b479dedb0141e4e84ebdd1330c2905,
        type: 3}
      propertyPath: m_AnchoredPosition.x
      value: 150
      objectReference: {fileID: 0}
    - target: {fileID: 1784559331637100130, guid: a9b479dedb0141e4e84ebdd1330c2905,
        type: 3}
      propertyPath: m_AnchoredPosition.y
      value: -20
      objectReference: {fileID: 0}
    - target: {fileID: 3627321946619005565, guid: a9b479dedb0141e4e84ebdd1330c2905,
        type: 3}
      propertyPath: m_Sprite
      value: 
      objectReference: {fileID: 21300000, guid: ca70cb678ba44da47be45bb66ef993b1,
        type: 3}
    - target: {fileID: 3837237571370382573, guid: a9b479dedb0141e4e84ebdd1330c2905,
        type: 3}
      propertyPath: m_text
      value: "\u4E5D\u5DDE\u5C71\u6C34\u5FD7"
      objectReference: {fileID: 0}
    - target: {fileID: 3837237571370382574, guid: a9b479dedb0141e4e84ebdd1330c2905,
        type: 3}
      propertyPath: m_AnchorMin.y
      value: 0
      objectReference: {fileID: 0}
    - target: {fileID: 3837237571370382574, guid: a9b479dedb0141e4e84ebdd1330c2905,
        type: 3}
      propertyPath: m_AnchorMax.y
      value: 0
      objectReference: {fileID: 0}
    - target: {fileID: 3837237571370382574, guid: a9b479dedb0141e4e84ebdd1330c2905,
        type: 3}
      propertyPath: m_AnchoredPosition.x
      value: 0
      objectReference: {fileID: 0}
    - target: {fileID: 4607013127157467529, guid: a9b479dedb0141e4e84ebdd1330c2905,
        type: 3}
      propertyPath: m_IsActive
      value: 1
      objectReference: {fileID: 0}
    - target: {fileID: 4755718737072207860, guid: a9b479dedb0141e4e84ebdd1330c2905,
        type: 3}
      propertyPath: m_Name
      value: submission_selection_a
      objectReference: {fileID: 0}
    - target: {fileID: 7598778148616530761, guid: a9b479dedb0141e4e84ebdd1330c2905,
        type: 3}
      propertyPath: m_Sprite
      value: 
      objectReference: {fileID: -6258531489484503384, guid: 76fc86b3b2925c84fbc2fc489de9cb6a,
        type: 3}
    - target: {fileID: 7774988086608993387, guid: a9b479dedb0141e4e84ebdd1330c2905,
        type: 3}
      propertyPath: m_AnchorMin.y
      value: 1
      objectReference: {fileID: 0}
    - target: {fileID: 7774988086608993387, guid: a9b479dedb0141e4e84ebdd1330c2905,
        type: 3}
      propertyPath: m_AnchorMax.y
      value: 1
      objectReference: {fileID: 0}
    - target: {fileID: 7774988086608993387, guid: a9b479dedb0141e4e84ebdd1330c2905,
        type: 3}
      propertyPath: m_AnchoredPosition.x
      value: 150
      objectReference: {fileID: 0}
    - target: {fileID: 7774988086608993387, guid: a9b479dedb0141e4e84ebdd1330c2905,
        type: 3}
      propertyPath: m_AnchoredPosition.y
      value: -20
      objectReference: {fileID: 0}
    - target: {fileID: 8586319837590733205, guid: a9b479dedb0141e4e84ebdd1330c2905,
        type: 3}
      propertyPath: m_text
      value: "\u53D1\u8868\u6E38\u8BB0"
      objectReference: {fileID: 0}
    - target: {fileID: 8586319837590733206, guid: a9b479dedb0141e4e84ebdd1330c2905,
        type: 3}
      propertyPath: m_AnchorMin.y
      value: 0
      objectReference: {fileID: 0}
    - target: {fileID: 8586319837590733206, guid: a9b479dedb0141e4e84ebdd1330c2905,
        type: 3}
      propertyPath: m_AnchorMax.y
      value: 0
      objectReference: {fileID: 0}
    - target: {fileID: 8586319837590733206, guid: a9b479dedb0141e4e84ebdd1330c2905,
        type: 3}
      propertyPath: m_AnchoredPosition.x
      value: 0
      objectReference: {fileID: 0}
    - target: {fileID: 8586319837590733206, guid: a9b479dedb0141e4e84ebdd1330c2905,
        type: 3}
      propertyPath: m_AnchoredPosition.y
      value: 0
      objectReference: {fileID: 0}
    - target: {fileID: 8889487113291589093, guid: a9b479dedb0141e4e84ebdd1330c2905,
        type: 3}
      propertyPath: m_IsActive
      value: 0
      objectReference: {fileID: 0}
    - target: {fileID: 8967754077100464721, guid: a9b479dedb0141e4e84ebdd1330c2905,
        type: 3}
      propertyPath: m_ChildForceExpandHeight
      value: 1
      objectReference: {fileID: 0}
    - target: {fileID: 8967754077100464721, guid: a9b479dedb0141e4e84ebdd1330c2905,
        type: 3}
      propertyPath: m_ChildAlignment
      value: 4
      objectReference: {fileID: 0}
    m_RemovedComponents: []
  m_SourcePrefab: {fileID: 100100000, guid: a9b479dedb0141e4e84ebdd1330c2905, type: 3}
--- !u!1 &6091506887380678776 stripped
GameObject:
  m_CorrespondingSourceObject: {fileID: 4755718737072207860, guid: a9b479dedb0141e4e84ebdd1330c2905,
    type: 3}
  m_PrefabInstance: {fileID: 1546658559837605772}
  m_PrefabAsset: {fileID: 0}
--- !u!114 &2819257577643460081 stripped
MonoBehaviour:
  m_CorrespondingSourceObject: {fileID: 3627321946619005565, guid: a9b479dedb0141e4e84ebdd1330c2905,
    type: 3}
  m_PrefabInstance: {fileID: 1546658559837605772}
  m_PrefabAsset: {fileID: 0}
  m_GameObject: {fileID: 0}
  m_Enabled: 1
  m_EditorHideFlags: 0
  m_Script: {fileID: 11500000, guid: fe87c0e1cc204ed48ad3b37840f39efc, type: 3}
  m_Name: 
  m_EditorClassIdentifier: 
--- !u!114 &455116148560380579 stripped
MonoBehaviour:
  m_CorrespondingSourceObject: {fileID: 1379843637211057455, guid: a9b479dedb0141e4e84ebdd1330c2905,
    type: 3}
  m_PrefabInstance: {fileID: 1546658559837605772}
  m_PrefabAsset: {fileID: 0}
  m_GameObject: {fileID: 0}
  m_Enabled: 1
  m_EditorHideFlags: 0
  m_Script: {fileID: 11500000, guid: 366e5fcf4374db04ca4e6b17b07f10b7, type: 3}
  m_Name: 
  m_EditorClassIdentifier: 
--- !u!224 &442752473941133908 stripped
RectTransform:
  m_CorrespondingSourceObject: {fileID: 1392224457340208600, guid: a9b479dedb0141e4e84ebdd1330c2905,
    type: 3}
  m_PrefabInstance: {fileID: 1546658559837605772}
  m_PrefabAsset: {fileID: 0}
--- !u!114 &3812090912681778416 stripped
MonoBehaviour:
  m_CorrespondingSourceObject: {fileID: 2418874724971205500, guid: a9b479dedb0141e4e84ebdd1330c2905,
    type: 3}
  m_PrefabInstance: {fileID: 1546658559837605772}
  m_PrefabAsset: {fileID: 0}
  m_GameObject: {fileID: 0}
  m_Enabled: 1
  m_EditorHideFlags: 0
  m_Script: {fileID: 11500000, guid: a989fd0832f38ff4d8781f2c097474f2, type: 3}
  m_Name: 
  m_EditorClassIdentifier: 
--- !u!1001 &8423228480543555995
PrefabInstance:
  m_ObjectHideFlags: 0
  serializedVersion: 2
  m_Modification:
    m_TransformParent: {fileID: 442752473941133908}
    m_Modifications:
    - target: {fileID: 132937052372605213, guid: 2342ec4bc3c31c44c9080ae66da47030,
        type: 3}
      propertyPath: m_AnchorMin.y
      value: 1
      objectReference: {fileID: 0}
    - target: {fileID: 132937052372605213, guid: 2342ec4bc3c31c44c9080ae66da47030,
        type: 3}
      propertyPath: m_AnchorMax.y
      value: 1
      objectReference: {fileID: 0}
    - target: {fileID: 132937052372605213, guid: 2342ec4bc3c31c44c9080ae66da47030,
        type: 3}
      propertyPath: m_AnchoredPosition.x
      value: 82.274994
      objectReference: {fileID: 0}
    - target: {fileID: 132937052372605213, guid: 2342ec4bc3c31c44c9080ae66da47030,
        type: 3}
      propertyPath: m_AnchoredPosition.y
      value: -25
      objectReference: {fileID: 0}
    - target: {fileID: 132937052372605213, guid: 2342ec4bc3c31c44c9080ae66da47030,
        type: 3}
      propertyPath: m_SizeDelta.x
      value: 52
      objectReference: {fileID: 0}
    - target: {fileID: 132937052372605213, guid: 2342ec4bc3c31c44c9080ae66da47030,
        type: 3}
      propertyPath: m_SizeDelta.y
      value: 52
      objectReference: {fileID: 0}
    - target: {fileID: 1067713132111919176, guid: 2342ec4bc3c31c44c9080ae66da47030,
        type: 3}
      propertyPath: m_AnchorMin.y
      value: 1
      objectReference: {fileID: 0}
    - target: {fileID: 1067713132111919176, guid: 2342ec4bc3c31c44c9080ae66da47030,
        type: 3}
      propertyPath: m_AnchorMax.y
      value: 1
      objectReference: {fileID: 0}
    - target: {fileID: 1067713132111919176, guid: 2342ec4bc3c31c44c9080ae66da47030,
        type: 3}
      propertyPath: m_AnchoredPosition.x
      value: 130.11499
      objectReference: {fileID: 0}
    - target: {fileID: 1067713132111919176, guid: 2342ec4bc3c31c44c9080ae66da47030,
        type: 3}
      propertyPath: m_AnchoredPosition.y
      value: -25
      objectReference: {fileID: 0}
    - target: {fileID: 1067713132111919176, guid: 2342ec4bc3c31c44c9080ae66da47030,
        type: 3}
      propertyPath: m_SizeDelta.x
      value: 80
      objectReference: {fileID: 0}
    - target: {fileID: 1067713132111919176, guid: 2342ec4bc3c31c44c9080ae66da47030,
        type: 3}
      propertyPath: m_SizeDelta.y
      value: 45
      objectReference: {fileID: 0}
    - target: {fileID: 2278363683461185924, guid: 2342ec4bc3c31c44c9080ae66da47030,
        type: 3}
      propertyPath: m_AnchorMin.y
      value: 0
      objectReference: {fileID: 0}
    - target: {fileID: 2278363683461185924, guid: 2342ec4bc3c31c44c9080ae66da47030,
        type: 3}
      propertyPath: m_AnchorMax.y
      value: 0
      objectReference: {fileID: 0}
    - target: {fileID: 2278363683461185924, guid: 2342ec4bc3c31c44c9080ae66da47030,
        type: 3}
      propertyPath: m_AnchoredPosition.x
      value: 0
      objectReference: {fileID: 0}
    - target: {fileID: 2278363683461185924, guid: 2342ec4bc3c31c44c9080ae66da47030,
        type: 3}
      propertyPath: m_AnchoredPosition.y
      value: 0
      objectReference: {fileID: 0}
    - target: {fileID: 2278363683461185924, guid: 2342ec4bc3c31c44c9080ae66da47030,
        type: 3}
      propertyPath: m_SizeDelta.x
      value: 0
      objectReference: {fileID: 0}
    - target: {fileID: 2278363683461185924, guid: 2342ec4bc3c31c44c9080ae66da47030,
        type: 3}
      propertyPath: m_SizeDelta.y
      value: 0
      objectReference: {fileID: 0}
    - target: {fileID: 2293287708064007238, guid: 2342ec4bc3c31c44c9080ae66da47030,
        type: 3}
      propertyPath: m_IsActive
      value: 0
      objectReference: {fileID: 0}
    - target: {fileID: 2293287708064007239, guid: 2342ec4bc3c31c44c9080ae66da47030,
        type: 3}
      propertyPath: m_AnchorMin.y
      value: 1
      objectReference: {fileID: 0}
    - target: {fileID: 2293287708064007239, guid: 2342ec4bc3c31c44c9080ae66da47030,
        type: 3}
      propertyPath: m_AnchorMax.y
      value: 1
      objectReference: {fileID: 0}
    - target: {fileID: 2293287708064007239, guid: 2342ec4bc3c31c44c9080ae66da47030,
        type: 3}
      propertyPath: m_AnchoredPosition.x
      value: 68.495
      objectReference: {fileID: 0}
    - target: {fileID: 2293287708064007239, guid: 2342ec4bc3c31c44c9080ae66da47030,
        type: 3}
      propertyPath: m_AnchoredPosition.y
      value: -25
      objectReference: {fileID: 0}
    - target: {fileID: 2293287708064007239, guid: 2342ec4bc3c31c44c9080ae66da47030,
        type: 3}
      propertyPath: m_SizeDelta.x
      value: 23.24
      objectReference: {fileID: 0}
    - target: {fileID: 2293287708064007239, guid: 2342ec4bc3c31c44c9080ae66da47030,
        type: 3}
      propertyPath: m_SizeDelta.y
      value: 28.81
      objectReference: {fileID: 0}
    - target: {fileID: 2590924219043954811, guid: 2342ec4bc3c31c44c9080ae66da47030,
        type: 3}
      propertyPath: m_IsActive
      value: 0
      objectReference: {fileID: 0}
    - target: {fileID: 3238913903012573884, guid: 2342ec4bc3c31c44c9080ae66da47030,
        type: 3}
      propertyPath: m_IsActive
      value: 0
      objectReference: {fileID: 0}
    - target: {fileID: 3238913903012573885, guid: 2342ec4bc3c31c44c9080ae66da47030,
        type: 3}
      propertyPath: m_AnchorMin.y
      value: 1
      objectReference: {fileID: 0}
    - target: {fileID: 3238913903012573885, guid: 2342ec4bc3c31c44c9080ae66da47030,
        type: 3}
      propertyPath: m_AnchorMax.y
      value: 1
      objectReference: {fileID: 0}
    - target: {fileID: 3238913903012573885, guid: 2342ec4bc3c31c44c9080ae66da47030,
        type: 3}
      propertyPath: m_AnchoredPosition.x
      value: 144.685
      objectReference: {fileID: 0}
    - target: {fileID: 3238913903012573885, guid: 2342ec4bc3c31c44c9080ae66da47030,
        type: 3}
      propertyPath: m_AnchoredPosition.y
      value: -25
      objectReference: {fileID: 0}
    - target: {fileID: 3238913903012573885, guid: 2342ec4bc3c31c44c9080ae66da47030,
        type: 3}
      propertyPath: m_SizeDelta.x
      value: 52.82
      objectReference: {fileID: 0}
    - target: {fileID: 3238913903012573885, guid: 2342ec4bc3c31c44c9080ae66da47030,
        type: 3}
      propertyPath: m_SizeDelta.y
      value: 25.79
      objectReference: {fileID: 0}
    - target: {fileID: 3666640799587478531, guid: 2342ec4bc3c31c44c9080ae66da47030,
        type: 3}
      propertyPath: m_LocalPosition.x
      value: 0
      objectReference: {fileID: 0}
    - target: {fileID: 3666640799587478531, guid: 2342ec4bc3c31c44c9080ae66da47030,
        type: 3}
      propertyPath: m_LocalPosition.y
      value: 0
      objectReference: {fileID: 0}
    - target: {fileID: 3666640799587478531, guid: 2342ec4bc3c31c44c9080ae66da47030,
        type: 3}
      propertyPath: m_LocalPosition.z
      value: 0
      objectReference: {fileID: 0}
    - target: {fileID: 3666640799587478531, guid: 2342ec4bc3c31c44c9080ae66da47030,
        type: 3}
      propertyPath: m_LocalRotation.x
      value: 0
      objectReference: {fileID: 0}
    - target: {fileID: 3666640799587478531, guid: 2342ec4bc3c31c44c9080ae66da47030,
        type: 3}
      propertyPath: m_LocalRotation.y
      value: 0
      objectReference: {fileID: 0}
    - target: {fileID: 3666640799587478531, guid: 2342ec4bc3c31c44c9080ae66da47030,
        type: 3}
      propertyPath: m_LocalRotation.z
      value: 0
      objectReference: {fileID: 0}
    - target: {fileID: 3666640799587478531, guid: 2342ec4bc3c31c44c9080ae66da47030,
        type: 3}
      propertyPath: m_LocalRotation.w
      value: 1
      objectReference: {fileID: 0}
    - target: {fileID: 3666640799587478531, guid: 2342ec4bc3c31c44c9080ae66da47030,
        type: 3}
      propertyPath: m_RootOrder
      value: 0
      objectReference: {fileID: 0}
    - target: {fileID: 3666640799587478531, guid: 2342ec4bc3c31c44c9080ae66da47030,
        type: 3}
      propertyPath: m_LocalEulerAnglesHint.x
      value: 0
      objectReference: {fileID: 0}
    - target: {fileID: 3666640799587478531, guid: 2342ec4bc3c31c44c9080ae66da47030,
        type: 3}
      propertyPath: m_LocalEulerAnglesHint.y
      value: 0
      objectReference: {fileID: 0}
    - target: {fileID: 3666640799587478531, guid: 2342ec4bc3c31c44c9080ae66da47030,
        type: 3}
      propertyPath: m_LocalEulerAnglesHint.z
      value: 0
      objectReference: {fileID: 0}
    - target: {fileID: 3666640799587478531, guid: 2342ec4bc3c31c44c9080ae66da47030,
        type: 3}
      propertyPath: m_AnchoredPosition.x
      value: 0
      objectReference: {fileID: 0}
    - target: {fileID: 3666640799587478531, guid: 2342ec4bc3c31c44c9080ae66da47030,
        type: 3}
      propertyPath: m_AnchoredPosition.y
      value: 0
      objectReference: {fileID: 0}
    - target: {fileID: 3666640799587478531, guid: 2342ec4bc3c31c44c9080ae66da47030,
        type: 3}
      propertyPath: m_SizeDelta.x
      value: 400
      objectReference: {fileID: 0}
    - target: {fileID: 3666640799587478531, guid: 2342ec4bc3c31c44c9080ae66da47030,
        type: 3}
      propertyPath: m_SizeDelta.y
      value: 50
      objectReference: {fileID: 0}
    - target: {fileID: 3666640799587478531, guid: 2342ec4bc3c31c44c9080ae66da47030,
        type: 3}
      propertyPath: m_AnchorMin.x
      value: 0
      objectReference: {fileID: 0}
    - target: {fileID: 3666640799587478531, guid: 2342ec4bc3c31c44c9080ae66da47030,
        type: 3}
      propertyPath: m_AnchorMin.y
      value: 0
      objectReference: {fileID: 0}
    - target: {fileID: 3666640799587478531, guid: 2342ec4bc3c31c44c9080ae66da47030,
        type: 3}
      propertyPath: m_AnchorMax.x
      value: 0
      objectReference: {fileID: 0}
    - target: {fileID: 3666640799587478531, guid: 2342ec4bc3c31c44c9080ae66da47030,
        type: 3}
      propertyPath: m_AnchorMax.y
      value: 0
      objectReference: {fileID: 0}
    - target: {fileID: 3666640799587478531, guid: 2342ec4bc3c31c44c9080ae66da47030,
        type: 3}
      propertyPath: m_Pivot.x
      value: 0.5
      objectReference: {fileID: 0}
    - target: {fileID: 3666640799587478531, guid: 2342ec4bc3c31c44c9080ae66da47030,
        type: 3}
      propertyPath: m_Pivot.y
      value: 0.5
      objectReference: {fileID: 0}
    - target: {fileID: 3795612213423791464, guid: 2342ec4bc3c31c44c9080ae66da47030,
        type: 3}
      propertyPath: m_Name
      value: special_rule
      objectReference: {fileID: 0}
    - target: {fileID: 5071833210574553097, guid: 2342ec4bc3c31c44c9080ae66da47030,
        type: 3}
      propertyPath: m_IsActive
      value: 0
      objectReference: {fileID: 0}
    - target: {fileID: 5290545982419214684, guid: 2342ec4bc3c31c44c9080ae66da47030,
        type: 3}
      propertyPath: m_IsActive
      value: 0
      objectReference: {fileID: 0}
    - target: {fileID: 6159372196459223506, guid: 2342ec4bc3c31c44c9080ae66da47030,
        type: 3}
      propertyPath: m_ChildAlignment
      value: 4
      objectReference: {fileID: 0}
    - target: {fileID: 6159372196459223506, guid: 2342ec4bc3c31c44c9080ae66da47030,
        type: 3}
      propertyPath: m_Spacing
      value: 10
      objectReference: {fileID: 0}
    - target: {fileID: 7227788376960211311, guid: 2342ec4bc3c31c44c9080ae66da47030,
        type: 3}
      propertyPath: m_AnchorMin.y
      value: 1
      objectReference: {fileID: 0}
    - target: {fileID: 7227788376960211311, guid: 2342ec4bc3c31c44c9080ae66da47030,
        type: 3}
      propertyPath: m_AnchorMax.y
      value: 1
      objectReference: {fileID: 0}
    - target: {fileID: 7227788376960211311, guid: 2342ec4bc3c31c44c9080ae66da47030,
        type: 3}
      propertyPath: m_AnchoredPosition.x
      value: 40
      objectReference: {fileID: 0}
    - target: {fileID: 7227788376960211311, guid: 2342ec4bc3c31c44c9080ae66da47030,
        type: 3}
      propertyPath: m_AnchoredPosition.y
      value: -25
      objectReference: {fileID: 0}
    - target: {fileID: 7227788376960211311, guid: 2342ec4bc3c31c44c9080ae66da47030,
        type: 3}
      propertyPath: m_SizeDelta.x
      value: 80
      objectReference: {fileID: 0}
    - target: {fileID: 7227788376960211311, guid: 2342ec4bc3c31c44c9080ae66da47030,
        type: 3}
      propertyPath: m_SizeDelta.y
      value: 45
      objectReference: {fileID: 0}
    - target: {fileID: 8035449358085082004, guid: 2342ec4bc3c31c44c9080ae66da47030,
        type: 3}
      propertyPath: m_text
      value: "\u5F53\u524D\u661F\u7EA7"
      objectReference: {fileID: 0}
    - target: {fileID: 8035449358085082007, guid: 2342ec4bc3c31c44c9080ae66da47030,
        type: 3}
      propertyPath: m_AnchorMin.y
      value: 0
      objectReference: {fileID: 0}
    - target: {fileID: 8035449358085082007, guid: 2342ec4bc3c31c44c9080ae66da47030,
        type: 3}
      propertyPath: m_AnchorMax.y
      value: 0
      objectReference: {fileID: 0}
    - target: {fileID: 8035449358085082007, guid: 2342ec4bc3c31c44c9080ae66da47030,
        type: 3}
      propertyPath: m_AnchoredPosition.x
      value: 0
      objectReference: {fileID: 0}
    - target: {fileID: 8035449358085082007, guid: 2342ec4bc3c31c44c9080ae66da47030,
        type: 3}
      propertyPath: m_AnchoredPosition.y
      value: 0
      objectReference: {fileID: 0}
    - target: {fileID: 8035449358085082007, guid: 2342ec4bc3c31c44c9080ae66da47030,
        type: 3}
      propertyPath: m_SizeDelta.x
      value: 0
      objectReference: {fileID: 0}
    - target: {fileID: 8035449358085082007, guid: 2342ec4bc3c31c44c9080ae66da47030,
        type: 3}
      propertyPath: m_SizeDelta.y
      value: 0
      objectReference: {fileID: 0}
    m_RemovedComponents: []
  m_SourcePrefab: {fileID: 100100000, guid: 2342ec4bc3c31c44c9080ae66da47030, type: 3}
--- !u!114 &3664776494947947814 stripped
MonoBehaviour:
  m_CorrespondingSourceObject: {fileID: 5061684666744067261, guid: 2342ec4bc3c31c44c9080ae66da47030,
    type: 3}
  m_PrefabInstance: {fileID: 8423228480543555995}
  m_PrefabAsset: {fileID: 0}
  m_GameObject: {fileID: 0}
  m_Enabled: 1
  m_EditorHideFlags: 0
  m_Script: {fileID: 11500000, guid: 366e5fcf4374db04ca4e6b17b07f10b7, type: 3}
  m_Name: 
  m_EditorClassIdentifier: 
--- !u!114 &3164472960500885645 stripped
MonoBehaviour:
  m_CorrespondingSourceObject: {fileID: 6849736202769885462, guid: 2342ec4bc3c31c44c9080ae66da47030,
    type: 3}
  m_PrefabInstance: {fileID: 8423228480543555995}
  m_PrefabAsset: {fileID: 0}
  m_GameObject: {fileID: 0}
  m_Enabled: 1
  m_EditorHideFlags: 0
  m_Script: {fileID: 11500000, guid: baef4d30c6a1d844daa677f5019796b0, type: 3}
  m_Name: 
  m_EditorClassIdentifier: 
