%YAML 1.1
%TAG !u! tag:unity3d.com,2011:
--- !u!1 &2254615098664205318
GameObject:
  m_ObjectHideFlags: 0
  m_CorrespondingSourceObject: {fileID: 0}
  m_PrefabInstance: {fileID: 0}
  m_PrefabAsset: {fileID: 0}
  serializedVersion: 6
  m_Component:
  - component: {fileID: 1207106586695293463}
  m_Layer: 5
  m_Name: content
  m_TagString: Untagged
  m_Icon: {fileID: 0}
  m_NavMeshLayer: 0
  m_StaticEditorFlags: 0
  m_IsActive: 1
--- !u!224 &1207106586695293463
RectTransform:
  m_ObjectHideFlags: 0
  m_CorrespondingSourceObject: {fileID: 0}
  m_PrefabInstance: {fileID: 0}
  m_PrefabAsset: {fileID: 0}
  m_GameObject: {fileID: 2254615098664205318}
  m_LocalRotation: {x: 0, y: 0, z: 0, w: 1}
  m_LocalPosition: {x: 0, y: 0, z: 0}
  m_LocalScale: {x: 1, y: 1, z: 1}
  m_Children:
  - {fileID: 2753705685698630781}
  m_Father: {fileID: 8932567890065068212}
  m_RootOrder: 0
  m_LocalEulerAnglesHint: {x: 0, y: 0, z: 0}
  m_AnchorMin: {x: 0.5, y: 0.5}
  m_AnchorMax: {x: 0.5, y: 0.5}
  m_AnchoredPosition: {x: 0, y: 0}
  m_SizeDelta: {x: 225, y: 225}
  m_Pivot: {x: 0.5, y: 0.5}
--- !u!1 &5590798292785605666
GameObject:
  m_ObjectHideFlags: 0
  m_CorrespondingSourceObject: {fileID: 0}
  m_PrefabInstance: {fileID: 0}
  m_PrefabAsset: {fileID: 0}
  serializedVersion: 6
  m_Component:
  - component: {fileID: 8932567890065068212}
  - component: {fileID: 7213933503856886906}
  m_Layer: 5
  m_Name: uipfb_parkProp
  m_TagString: Untagged
  m_Icon: {fileID: 0}
  m_NavMeshLayer: 0
  m_StaticEditorFlags: 0
  m_IsActive: 1
--- !u!224 &8932567890065068212
RectTransform:
  m_ObjectHideFlags: 0
  m_CorrespondingSourceObject: {fileID: 0}
  m_PrefabInstance: {fileID: 0}
  m_PrefabAsset: {fileID: 0}
  m_GameObject: {fileID: 5590798292785605666}
  m_LocalRotation: {x: -0, y: -0, z: -0.000000004485409, w: 1}
  m_LocalPosition: {x: 0, y: 0, z: 0}
  m_LocalScale: {x: 1, y: 1, z: 1}
  m_Children:
  - {fileID: 1207106586695293463}
  m_Father: {fileID: 0}
  m_RootOrder: 0
  m_LocalEulerAnglesHint: {x: 0, y: 0, z: 0}
  m_AnchorMin: {x: 0.5, y: 0.5}
  m_AnchorMax: {x: 0.5, y: 0.5}
  m_AnchoredPosition: {x: 0, y: 0}
  m_SizeDelta: {x: 250, y: 250}
  m_Pivot: {x: 0.5, y: 0.5}
--- !u!114 &7213933503856886906
MonoBehaviour:
  m_ObjectHideFlags: 0
  m_CorrespondingSourceObject: {fileID: 0}
  m_PrefabInstance: {fileID: 0}
  m_PrefabAsset: {fileID: 0}
  m_GameObject: {fileID: 5590798292785605666}
  m_Enabled: 1
  m_EditorHideFlags: 0
  m_Script: {fileID: 11500000, guid: fb7a29d852a2b0441892ec68970d451b, type: 3}
  m_Name: 
  m_EditorClassIdentifier: 
  collectibleUID: 
  discovered: 0
  attachedNodes: []
  blockingNodes: []
  content: {fileID: 2254615098664205318}
  art: {fileID: 3396953542998389744}
--- !u!1001 &4158710346241240754
PrefabInstance:
  m_ObjectHideFlags: 0
  serializedVersion: 2
  m_Modification:
    m_TransformParent: {fileID: 1207106586695293463}
    m_Modifications:
    - target: {fileID: 2270260328626993871, guid: 5fe4a6cf22d51cb4d94e9ce50768f5ad,
        type: 3}
      propertyPath: m_LocalPosition.x
      value: 0
      objectReference: {fileID: 0}
    - target: {fileID: 2270260328626993871, guid: 5fe4a6cf22d51cb4d94e9ce50768f5ad,
        type: 3}
      propertyPath: m_LocalPosition.y
      value: 0
      objectReference: {fileID: 0}
    - target: {fileID: 2270260328626993871, guid: 5fe4a6cf22d51cb4d94e9ce50768f5ad,
        type: 3}
      propertyPath: m_LocalPosition.z
      value: 0
      objectReference: {fileID: 0}
    - target: {fileID: 2270260328626993871, guid: 5fe4a6cf22d51cb4d94e9ce50768f5ad,
        type: 3}
      propertyPath: m_LocalRotation.x
      value: -0
      objectReference: {fileID: 0}
    - target: {fileID: 2270260328626993871, guid: 5fe4a6cf22d51cb4d94e9ce50768f5ad,
        type: 3}
      propertyPath: m_LocalRotation.y
      value: -0
      objectReference: {fileID: 0}
    - target: {fileID: 2270260328626993871, guid: 5fe4a6cf22d51cb4d94e9ce50768f5ad,
        type: 3}
      propertyPath: m_LocalRotation.z
      value: -0
      objectReference: {fileID: 0}
    - target: {fileID: 2270260328626993871, guid: 5fe4a6cf22d51cb4d94e9ce50768f5ad,
        type: 3}
      propertyPath: m_LocalRotation.w
      value: 1
      objectReference: {fileID: 0}
    - target: {fileID: 2270260328626993871, guid: 5fe4a6cf22d51cb4d94e9ce50768f5ad,
        type: 3}
      propertyPath: m_RootOrder
      value: 0
      objectReference: {fileID: 0}
    - target: {fileID: 2270260328626993871, guid: 5fe4a6cf22d51cb4d94e9ce50768f5ad,
        type: 3}
      propertyPath: m_LocalEulerAnglesHint.x
      value: 0
      objectReference: {fileID: 0}
    - target: {fileID: 2270260328626993871, guid: 5fe4a6cf22d51cb4d94e9ce50768f5ad,
        type: 3}
      propertyPath: m_LocalEulerAnglesHint.y
      value: 0
      objectReference: {fileID: 0}
    - target: {fileID: 2270260328626993871, guid: 5fe4a6cf22d51cb4d94e9ce50768f5ad,
        type: 3}
      propertyPath: m_LocalEulerAnglesHint.z
      value: 0
      objectReference: {fileID: 0}
    - target: {fileID: 2270260328626993871, guid: 5fe4a6cf22d51cb4d94e9ce50768f5ad,
        type: 3}
      propertyPath: m_AnchoredPosition.x
      value: 0
      objectReference: {fileID: 0}
    - target: {fileID: 2270260328626993871, guid: 5fe4a6cf22d51cb4d94e9ce50768f5ad,
        type: 3}
      propertyPath: m_AnchoredPosition.y
      value: 0
      objectReference: {fileID: 0}
    - target: {fileID: 2270260328626993871, guid: 5fe4a6cf22d51cb4d94e9ce50768f5ad,
        type: 3}
      propertyPath: m_SizeDelta.x
      value: 225
      objectReference: {fileID: 0}
    - target: {fileID: 2270260328626993871, guid: 5fe4a6cf22d51cb4d94e9ce50768f5ad,
        type: 3}
      propertyPath: m_SizeDelta.y
      value: 225
      objectReference: {fileID: 0}
    - target: {fileID: 2270260328626993871, guid: 5fe4a6cf22d51cb4d94e9ce50768f5ad,
        type: 3}
      propertyPath: m_AnchorMin.x
      value: 0.5
      objectReference: {fileID: 0}
    - target: {fileID: 2270260328626993871, guid: 5fe4a6cf22d51cb4d94e9ce50768f5ad,
        type: 3}
      propertyPath: m_AnchorMin.y
      value: 0.5
      objectReference: {fileID: 0}
    - target: {fileID: 2270260328626993871, guid: 5fe4a6cf22d51cb4d94e9ce50768f5ad,
        type: 3}
      propertyPath: m_AnchorMax.x
      value: 0.5
      objectReference: {fileID: 0}
    - target: {fileID: 2270260328626993871, guid: 5fe4a6cf22d51cb4d94e9ce50768f5ad,
        type: 3}
      propertyPath: m_AnchorMax.y
      value: 0.5
      objectReference: {fileID: 0}
    - target: {fileID: 2270260328626993871, guid: 5fe4a6cf22d51cb4d94e9ce50768f5ad,
        type: 3}
      propertyPath: m_Pivot.x
      value: 0.5
      objectReference: {fileID: 0}
    - target: {fileID: 2270260328626993871, guid: 5fe4a6cf22d51cb4d94e9ce50768f5ad,
        type: 3}
      propertyPath: m_Pivot.y
      value: 0.5
      objectReference: {fileID: 0}
    - target: {fileID: 2270260328626993871, guid: 5fe4a6cf22d51cb4d94e9ce50768f5ad,
        type: 3}
      propertyPath: m_LocalScale.x
      value: 0.6
      objectReference: {fileID: 0}
    - target: {fileID: 2270260328626993871, guid: 5fe4a6cf22d51cb4d94e9ce50768f5ad,
        type: 3}
      propertyPath: m_LocalScale.y
      value: 0.6
      objectReference: {fileID: 0}
    - target: {fileID: 6339073155949726112, guid: 5fe4a6cf22d51cb4d94e9ce50768f5ad,
        type: 3}
      propertyPath: m_LocalPosition.x
      value: 0
      objectReference: {fileID: 0}
    - target: {fileID: 6339073155949726112, guid: 5fe4a6cf22d51cb4d94e9ce50768f5ad,
        type: 3}
      propertyPath: m_LocalPosition.y
      value: 0
      objectReference: {fileID: 0}
    - target: {fileID: 6357703164829000667, guid: 5fe4a6cf22d51cb4d94e9ce50768f5ad,
        type: 3}
      propertyPath: m_Name
      value: view_l
      objectReference: {fileID: 0}
    m_RemovedComponents: []
  m_SourcePrefab: {fileID: 100100000, guid: 5fe4a6cf22d51cb4d94e9ce50768f5ad, type: 3}
--- !u!224 &2753705685698630781 stripped
RectTransform:
  m_CorrespondingSourceObject: {fileID: 2270260328626993871, guid: 5fe4a6cf22d51cb4d94e9ce50768f5ad,
    type: 3}
  m_PrefabInstance: {fileID: 4158710346241240754}
  m_PrefabAsset: {fileID: 0}
--- !u!114 &3396953542998389744 stripped
MonoBehaviour:
  m_CorrespondingSourceObject: {fileID: 1626593559024966978, guid: 5fe4a6cf22d51cb4d94e9ce50768f5ad,
    type: 3}
  m_PrefabInstance: {fileID: 4158710346241240754}
  m_PrefabAsset: {fileID: 0}
  m_GameObject: {fileID: 0}
  m_Enabled: 1
  m_EditorHideFlags: 0
  m_Script: {fileID: 11500000, guid: fe87c0e1cc204ed48ad3b37840f39efc, type: 3}
  m_Name: 
  m_EditorClassIdentifier: 
