%YAML 1.1
%TAG !u! tag:unity3d.com,2011:
--- !u!1 &1888340263551068754
GameObject:
  m_ObjectHideFlags: 0
  m_CorrespondingSourceObject: {fileID: 0}
  m_PrefabInstance: {fileID: 0}
  m_PrefabAsset: {fileID: 0}
  serializedVersion: 6
  m_Component:
  - component: {fileID: 1813893661793775784}
  - component: {fileID: 3067809992737803903}
  m_Layer: 5
  m_Name: TooltipPopup
  m_TagString: Untagged
  m_Icon: {fileID: 0}
  m_NavMeshLayer: 0
  m_StaticEditorFlags: 0
  m_IsActive: 1
--- !u!224 &1813893661793775784
RectTransform:
  m_ObjectHideFlags: 0
  m_CorrespondingSourceObject: {fileID: 0}
  m_PrefabInstance: {fileID: 0}
  m_PrefabAsset: {fileID: 0}
  m_GameObject: {fileID: 1888340263551068754}
  m_LocalRotation: {x: -0, y: -0, z: -0, w: 1}
  m_LocalPosition: {x: 0, y: 0, z: 0}
  m_LocalScale: {x: 1, y: 1, z: 1}
  m_Children:
  - {fileID: 7604249580663501069}
  - {fileID: 804499499761908475}
  - {fileID: 3542302125982159604}
  m_Father: {fileID: 0}
  m_RootOrder: 0
  m_LocalEulerAnglesHint: {x: 0, y: 0, z: 0}
  m_AnchorMin: {x: 0, y: 0}
  m_AnchorMax: {x: 0, y: 0}
  m_AnchoredPosition: {x: 0, y: 0}
  m_SizeDelta: {x: 1920, y: 1080}
  m_Pivot: {x: 0, y: 0}
--- !u!114 &3067809992737803903
MonoBehaviour:
  m_ObjectHideFlags: 0
  m_CorrespondingSourceObject: {fileID: 0}
  m_PrefabInstance: {fileID: 0}
  m_PrefabAsset: {fileID: 0}
  m_GameObject: {fileID: 1888340263551068754}
  m_Enabled: 1
  m_EditorHideFlags: 0
  m_Script: {fileID: 11500000, guid: c0a5b42160dbeb44fa6d441ae85edd45, type: 3}
  m_Name: 
  m_EditorClassIdentifier: 
  masterCanvas: {fileID: 0}
  tooltip_hor: {fileID: 695232843135809995}
  tooltip_ver_down: {fileID: 4459288147924674021}
  tooltip_ver_up: {fileID: 567581087323540970}
--- !u!1001 &1096561269202845735
PrefabInstance:
  m_ObjectHideFlags: 0
  serializedVersion: 2
  m_Modification:
    m_TransformParent: {fileID: 1813893661793775784}
    m_Modifications:
    - target: {fileID: 5491910605002760703, guid: 209edf52a41a06243b28d5ed1e438dbd,
        type: 3}
      propertyPath: m_Name
      value: tooltip_hor
      objectReference: {fileID: 0}
    - target: {fileID: 5491910605002760703, guid: 209edf52a41a06243b28d5ed1e438dbd,
        type: 3}
      propertyPath: m_IsActive
      value: 0
      objectReference: {fileID: 0}
    - target: {fileID: 5659956955619626320, guid: 209edf52a41a06243b28d5ed1e438dbd,
        type: 3}
      propertyPath: m_AnchorMin.y
      value: 1
      objectReference: {fileID: 0}
    - target: {fileID: 5659956955619626320, guid: 209edf52a41a06243b28d5ed1e438dbd,
        type: 3}
      propertyPath: m_AnchorMax.y
      value: 1
      objectReference: {fileID: 0}
    - target: {fileID: 5659956955619626320, guid: 209edf52a41a06243b28d5ed1e438dbd,
        type: 3}
      propertyPath: m_AnchoredPosition.x
      value: 125
      objectReference: {fileID: 0}
    - target: {fileID: 5659956955619626320, guid: 209edf52a41a06243b28d5ed1e438dbd,
        type: 3}
      propertyPath: m_AnchoredPosition.y
      value: -105
      objectReference: {fileID: 0}
    - target: {fileID: 7399550657194488106, guid: 209edf52a41a06243b28d5ed1e438dbd,
        type: 3}
      propertyPath: m_LocalPosition.x
      value: 0
      objectReference: {fileID: 0}
    - target: {fileID: 7399550657194488106, guid: 209edf52a41a06243b28d5ed1e438dbd,
        type: 3}
      propertyPath: m_LocalPosition.y
      value: 0
      objectReference: {fileID: 0}
    - target: {fileID: 7399550657194488106, guid: 209edf52a41a06243b28d5ed1e438dbd,
        type: 3}
      propertyPath: m_RootOrder
      value: 0
      objectReference: {fileID: 0}
    - target: {fileID: 7399550657194488106, guid: 209edf52a41a06243b28d5ed1e438dbd,
        type: 3}
      propertyPath: m_LocalEulerAnglesHint.x
      value: 0
      objectReference: {fileID: 0}
    - target: {fileID: 7399550657194488106, guid: 209edf52a41a06243b28d5ed1e438dbd,
        type: 3}
      propertyPath: m_LocalEulerAnglesHint.y
      value: 0
      objectReference: {fileID: 0}
    - target: {fileID: 7399550657194488106, guid: 209edf52a41a06243b28d5ed1e438dbd,
        type: 3}
      propertyPath: m_LocalEulerAnglesHint.z
      value: 0
      objectReference: {fileID: 0}
    - target: {fileID: 7399550657194488106, guid: 209edf52a41a06243b28d5ed1e438dbd,
        type: 3}
      propertyPath: m_SizeDelta.x
      value: 273
      objectReference: {fileID: 0}
    - target: {fileID: 7399550657194488106, guid: 209edf52a41a06243b28d5ed1e438dbd,
        type: 3}
      propertyPath: m_SizeDelta.y
      value: 161
      objectReference: {fileID: 0}
    - target: {fileID: 9024014994522923688, guid: 209edf52a41a06243b28d5ed1e438dbd,
        type: 3}
      propertyPath: m_AnchorMin.y
      value: 1
      objectReference: {fileID: 0}
    - target: {fileID: 9024014994522923688, guid: 209edf52a41a06243b28d5ed1e438dbd,
        type: 3}
      propertyPath: m_AnchorMax.y
      value: 1
      objectReference: {fileID: 0}
    - target: {fileID: 9024014994522923688, guid: 209edf52a41a06243b28d5ed1e438dbd,
        type: 3}
      propertyPath: m_AnchoredPosition.x
      value: 125
      objectReference: {fileID: 0}
    - target: {fileID: 9024014994522923688, guid: 209edf52a41a06243b28d5ed1e438dbd,
        type: 3}
      propertyPath: m_AnchoredPosition.y
      value: -30
      objectReference: {fileID: 0}
    m_RemovedComponents: []
  m_SourcePrefab: {fileID: 100100000, guid: 209edf52a41a06243b28d5ed1e438dbd, type: 3}
--- !u!224 &7604249580663501069 stripped
RectTransform:
  m_CorrespondingSourceObject: {fileID: 7399550657194488106, guid: 209edf52a41a06243b28d5ed1e438dbd,
    type: 3}
  m_PrefabInstance: {fileID: 1096561269202845735}
  m_PrefabAsset: {fileID: 0}
--- !u!114 &695232843135809995 stripped
MonoBehaviour:
  m_CorrespondingSourceObject: {fileID: 473496145281350124, guid: 209edf52a41a06243b28d5ed1e438dbd,
    type: 3}
  m_PrefabInstance: {fileID: 1096561269202845735}
  m_PrefabAsset: {fileID: 0}
  m_GameObject: {fileID: 0}
  m_Enabled: 1
  m_EditorHideFlags: 0
  m_Script: {fileID: 11500000, guid: c96d793bd42249b44aec804c31b27ed8, type: 3}
  m_Name: 
  m_EditorClassIdentifier: 
--- !u!1001 &2736408975995556513
PrefabInstance:
  m_ObjectHideFlags: 0
  serializedVersion: 2
  m_Modification:
    m_TransformParent: {fileID: 1813893661793775784}
    m_Modifications:
    - target: {fileID: 312110635806128271, guid: f835d4461b954744aa32e3a62fc740a8,
        type: 3}
      propertyPath: m_Name
      value: tooltip_ver_down
      objectReference: {fileID: 0}
    - target: {fileID: 312110635806128271, guid: f835d4461b954744aa32e3a62fc740a8,
        type: 3}
      propertyPath: m_IsActive
      value: 0
      objectReference: {fileID: 0}
    - target: {fileID: 499844291855520800, guid: f835d4461b954744aa32e3a62fc740a8,
        type: 3}
      propertyPath: m_AnchorMin.y
      value: 1
      objectReference: {fileID: 0}
    - target: {fileID: 499844291855520800, guid: f835d4461b954744aa32e3a62fc740a8,
        type: 3}
      propertyPath: m_AnchorMax.y
      value: 1
      objectReference: {fileID: 0}
    - target: {fileID: 499844291855520800, guid: f835d4461b954744aa32e3a62fc740a8,
        type: 3}
      propertyPath: m_AnchoredPosition.x
      value: 125
      objectReference: {fileID: 0}
    - target: {fileID: 499844291855520800, guid: f835d4461b954744aa32e3a62fc740a8,
        type: 3}
      propertyPath: m_AnchoredPosition.y
      value: -105
      objectReference: {fileID: 0}
    - target: {fileID: 3374187328337504346, guid: f835d4461b954744aa32e3a62fc740a8,
        type: 3}
      propertyPath: m_LocalPosition.x
      value: 0
      objectReference: {fileID: 0}
    - target: {fileID: 3374187328337504346, guid: f835d4461b954744aa32e3a62fc740a8,
        type: 3}
      propertyPath: m_LocalPosition.y
      value: 0
      objectReference: {fileID: 0}
    - target: {fileID: 3374187328337504346, guid: f835d4461b954744aa32e3a62fc740a8,
        type: 3}
      propertyPath: m_RootOrder
      value: 1
      objectReference: {fileID: 0}
    - target: {fileID: 3374187328337504346, guid: f835d4461b954744aa32e3a62fc740a8,
        type: 3}
      propertyPath: m_LocalEulerAnglesHint.x
      value: 0
      objectReference: {fileID: 0}
    - target: {fileID: 3374187328337504346, guid: f835d4461b954744aa32e3a62fc740a8,
        type: 3}
      propertyPath: m_LocalEulerAnglesHint.y
      value: 0
      objectReference: {fileID: 0}
    - target: {fileID: 3374187328337504346, guid: f835d4461b954744aa32e3a62fc740a8,
        type: 3}
      propertyPath: m_LocalEulerAnglesHint.z
      value: 0
      objectReference: {fileID: 0}
    - target: {fileID: 3374187328337504346, guid: f835d4461b954744aa32e3a62fc740a8,
        type: 3}
      propertyPath: m_SizeDelta.x
      value: 261
      objectReference: {fileID: 0}
    - target: {fileID: 3374187328337504346, guid: f835d4461b954744aa32e3a62fc740a8,
        type: 3}
      propertyPath: m_SizeDelta.y
      value: 173
      objectReference: {fileID: 0}
    - target: {fileID: 3843897816223972312, guid: f835d4461b954744aa32e3a62fc740a8,
        type: 3}
      propertyPath: m_AnchorMin.y
      value: 1
      objectReference: {fileID: 0}
    - target: {fileID: 3843897816223972312, guid: f835d4461b954744aa32e3a62fc740a8,
        type: 3}
      propertyPath: m_AnchorMax.y
      value: 1
      objectReference: {fileID: 0}
    - target: {fileID: 3843897816223972312, guid: f835d4461b954744aa32e3a62fc740a8,
        type: 3}
      propertyPath: m_AnchoredPosition.x
      value: 125
      objectReference: {fileID: 0}
    - target: {fileID: 3843897816223972312, guid: f835d4461b954744aa32e3a62fc740a8,
        type: 3}
      propertyPath: m_AnchoredPosition.y
      value: -30
      objectReference: {fileID: 0}
    m_RemovedComponents: []
  m_SourcePrefab: {fileID: 100100000, guid: f835d4461b954744aa32e3a62fc740a8, type: 3}
--- !u!224 &804499499761908475 stripped
RectTransform:
  m_CorrespondingSourceObject: {fileID: 3374187328337504346, guid: f835d4461b954744aa32e3a62fc740a8,
    type: 3}
  m_PrefabInstance: {fileID: 2736408975995556513}
  m_PrefabAsset: {fileID: 0}
--- !u!114 &4459288147924674021 stripped
MonoBehaviour:
  m_CorrespondingSourceObject: {fileID: 1737051928561399620, guid: f835d4461b954744aa32e3a62fc740a8,
    type: 3}
  m_PrefabInstance: {fileID: 2736408975995556513}
  m_PrefabAsset: {fileID: 0}
  m_GameObject: {fileID: 0}
  m_Enabled: 1
  m_EditorHideFlags: 0
  m_Script: {fileID: 11500000, guid: c96d793bd42249b44aec804c31b27ed8, type: 3}
  m_Name: 
  m_EditorClassIdentifier: 
--- !u!1001 &4237772632713155384
PrefabInstance:
  m_ObjectHideFlags: 0
  serializedVersion: 2
  m_Modification:
    m_TransformParent: {fileID: 1813893661793775784}
    m_Modifications:
    - target: {fileID: 857758457359122892, guid: a025a2c524af91f47a98d93021840106,
        type: 3}
      propertyPath: m_LocalPosition.x
      value: 0
      objectReference: {fileID: 0}
    - target: {fileID: 857758457359122892, guid: a025a2c524af91f47a98d93021840106,
        type: 3}
      propertyPath: m_LocalPosition.y
      value: 0
      objectReference: {fileID: 0}
    - target: {fileID: 857758457359122892, guid: a025a2c524af91f47a98d93021840106,
        type: 3}
      propertyPath: m_RootOrder
      value: 2
      objectReference: {fileID: 0}
    - target: {fileID: 857758457359122892, guid: a025a2c524af91f47a98d93021840106,
        type: 3}
      propertyPath: m_LocalEulerAnglesHint.x
      value: 0
      objectReference: {fileID: 0}
    - target: {fileID: 857758457359122892, guid: a025a2c524af91f47a98d93021840106,
        type: 3}
      propertyPath: m_LocalEulerAnglesHint.y
      value: 0
      objectReference: {fileID: 0}
    - target: {fileID: 857758457359122892, guid: a025a2c524af91f47a98d93021840106,
        type: 3}
      propertyPath: m_LocalEulerAnglesHint.z
      value: 0
      objectReference: {fileID: 0}
    - target: {fileID: 857758457359122892, guid: a025a2c524af91f47a98d93021840106,
        type: 3}
      propertyPath: m_SizeDelta.x
      value: 261
      objectReference: {fileID: 0}
    - target: {fileID: 857758457359122892, guid: a025a2c524af91f47a98d93021840106,
        type: 3}
      propertyPath: m_SizeDelta.y
      value: 173
      objectReference: {fileID: 0}
    - target: {fileID: 959946591142986944, guid: a025a2c524af91f47a98d93021840106,
        type: 3}
      propertyPath: m_AnchorMin.y
      value: 1
      objectReference: {fileID: 0}
    - target: {fileID: 959946591142986944, guid: a025a2c524af91f47a98d93021840106,
        type: 3}
      propertyPath: m_AnchorMax.y
      value: 1
      objectReference: {fileID: 0}
    - target: {fileID: 959946591142986944, guid: a025a2c524af91f47a98d93021840106,
        type: 3}
      propertyPath: m_AnchoredPosition.x
      value: 125
      objectReference: {fileID: 0}
    - target: {fileID: 959946591142986944, guid: a025a2c524af91f47a98d93021840106,
        type: 3}
      propertyPath: m_AnchoredPosition.y
      value: -118.33333
      objectReference: {fileID: 0}
    - target: {fileID: 2404936782279627033, guid: a025a2c524af91f47a98d93021840106,
        type: 3}
      propertyPath: m_Name
      value: tooltip_ver_up
      objectReference: {fileID: 0}
    - target: {fileID: 2404936782279627033, guid: a025a2c524af91f47a98d93021840106,
        type: 3}
      propertyPath: m_IsActive
      value: 0
      objectReference: {fileID: 0}
    - target: {fileID: 2886038691833435175, guid: a025a2c524af91f47a98d93021840106,
        type: 3}
      propertyPath: m_AnchorMin.y
      value: 1
      objectReference: {fileID: 0}
    - target: {fileID: 2886038691833435175, guid: a025a2c524af91f47a98d93021840106,
        type: 3}
      propertyPath: m_AnchorMax.y
      value: 1
      objectReference: {fileID: 0}
    - target: {fileID: 2886038691833435175, guid: a025a2c524af91f47a98d93021840106,
        type: 3}
      propertyPath: m_AnchoredPosition.x
      value: 125
      objectReference: {fileID: 0}
    - target: {fileID: 2886038691833435175, guid: a025a2c524af91f47a98d93021840106,
        type: 3}
      propertyPath: m_AnchoredPosition.y
      value: -21.666666
      objectReference: {fileID: 0}
    - target: {fileID: 5282641932829309698, guid: a025a2c524af91f47a98d93021840106,
        type: 3}
      propertyPath: m_AnchorMin.y
      value: 1
      objectReference: {fileID: 0}
    - target: {fileID: 5282641932829309698, guid: a025a2c524af91f47a98d93021840106,
        type: 3}
      propertyPath: m_AnchorMax.y
      value: 1
      objectReference: {fileID: 0}
    - target: {fileID: 5282641932829309698, guid: a025a2c524af91f47a98d93021840106,
        type: 3}
      propertyPath: m_AnchoredPosition.x
      value: 125
      objectReference: {fileID: 0}
    - target: {fileID: 5282641932829309698, guid: a025a2c524af91f47a98d93021840106,
        type: 3}
      propertyPath: m_AnchoredPosition.y
      value: -65
      objectReference: {fileID: 0}
    - target: {fileID: 8730722170997982191, guid: a025a2c524af91f47a98d93021840106,
        type: 3}
      propertyPath: m_AnchorMin.y
      value: 1
      objectReference: {fileID: 0}
    - target: {fileID: 8730722170997982191, guid: a025a2c524af91f47a98d93021840106,
        type: 3}
      propertyPath: m_AnchorMax.y
      value: 1
      objectReference: {fileID: 0}
    - target: {fileID: 8730722170997982191, guid: a025a2c524af91f47a98d93021840106,
        type: 3}
      propertyPath: m_AnchoredPosition.x
      value: 82.5
      objectReference: {fileID: 0}
    - target: {fileID: 8730722170997982191, guid: a025a2c524af91f47a98d93021840106,
        type: 3}
      propertyPath: m_AnchoredPosition.y
      value: -22.5
      objectReference: {fileID: 0}
    m_RemovedComponents: []
  m_SourcePrefab: {fileID: 100100000, guid: a025a2c524af91f47a98d93021840106, type: 3}
--- !u!224 &3542302125982159604 stripped
RectTransform:
  m_CorrespondingSourceObject: {fileID: 857758457359122892, guid: a025a2c524af91f47a98d93021840106,
    type: 3}
  m_PrefabInstance: {fileID: 4237772632713155384}
  m_PrefabAsset: {fileID: 0}
--- !u!114 &567581087323540970 stripped
MonoBehaviour:
  m_CorrespondingSourceObject: {fileID: 4408993508054736594, guid: a025a2c524af91f47a98d93021840106,
    type: 3}
  m_PrefabInstance: {fileID: 4237772632713155384}
  m_PrefabAsset: {fileID: 0}
  m_GameObject: {fileID: 0}
  m_Enabled: 1
  m_EditorHideFlags: 0
  m_Script: {fileID: 11500000, guid: c96d793bd42249b44aec804c31b27ed8, type: 3}
  m_Name: 
  m_EditorClassIdentifier: 
