%YAML 1.1
%TAG !u! tag:unity3d.com,2011:
--- !u!1 &734126562726846007
GameObject:
  m_ObjectHideFlags: 0
  m_CorrespondingSourceObject: {fileID: 0}
  m_PrefabInstance: {fileID: 0}
  m_PrefabAsset: {fileID: 0}
  serializedVersion: 6
  m_Component:
  - component: {fileID: 4458696589414366849}
  - component: {fileID: 5679905494972944063}
  - component: {fileID: 8628888639663291903}
  m_Layer: 5
  m_Name: bg
  m_TagString: Untagged
  m_Icon: {fileID: 0}
  m_NavMeshLayer: 0
  m_StaticEditorFlags: 0
  m_IsActive: 1
--- !u!224 &4458696589414366849
RectTransform:
  m_ObjectHideFlags: 0
  m_CorrespondingSourceObject: {fileID: 0}
  m_PrefabInstance: {fileID: 0}
  m_PrefabAsset: {fileID: 0}
  m_GameObject: {fileID: 734126562726846007}
  m_LocalRotation: {x: -0, y: -0, z: -0, w: 1}
  m_LocalPosition: {x: 0, y: 0, z: 0}
  m_LocalScale: {x: 1, y: 1, z: 1}
  m_Children: []
  m_Father: {fileID: 937414239753380337}
  m_RootOrder: 1
  m_LocalEulerAnglesHint: {x: 0, y: 0, z: 0}
  m_AnchorMin: {x: 0, y: 0}
  m_AnchorMax: {x: 1, y: 1}
  m_AnchoredPosition: {x: 0, y: 0}
  m_SizeDelta: {x: 0, y: 0}
  m_Pivot: {x: 0.5, y: 0.5}
--- !u!222 &5679905494972944063
CanvasRenderer:
  m_ObjectHideFlags: 0
  m_CorrespondingSourceObject: {fileID: 0}
  m_PrefabInstance: {fileID: 0}
  m_PrefabAsset: {fileID: 0}
  m_GameObject: {fileID: 734126562726846007}
  m_CullTransparentMesh: 0
--- !u!114 &8628888639663291903
MonoBehaviour:
  m_ObjectHideFlags: 0
  m_CorrespondingSourceObject: {fileID: 0}
  m_PrefabInstance: {fileID: 0}
  m_PrefabAsset: {fileID: 0}
  m_GameObject: {fileID: 734126562726846007}
  m_Enabled: 1
  m_EditorHideFlags: 0
  m_Script: {fileID: 11500000, guid: fe87c0e1cc204ed48ad3b37840f39efc, type: 3}
  m_Name: 
  m_EditorClassIdentifier: 
  m_Material: {fileID: 0}
  m_Color: {r: 0.7529412, g: 0.7529412, b: 0.7529412, a: 0.2509804}
  m_RaycastTarget: 0
  m_Maskable: 1
  m_OnCullStateChanged:
    m_PersistentCalls:
      m_Calls: []
  m_Sprite: {fileID: 21300000, guid: 261916b5f7a297f4fa373b530cc42316, type: 3}
  m_Type: 0
  m_PreserveAspect: 0
  m_FillCenter: 1
  m_FillMethod: 4
  m_FillAmount: 1
  m_FillClockwise: 1
  m_FillOrigin: 0
  m_UseSpriteMesh: 0
  m_PixelsPerUnitMultiplier: 1
--- !u!1 &2633886982748879646
GameObject:
  m_ObjectHideFlags: 0
  m_CorrespondingSourceObject: {fileID: 0}
  m_PrefabInstance: {fileID: 0}
  m_PrefabAsset: {fileID: 0}
  serializedVersion: 6
  m_Component:
  - component: {fileID: 722626167574687073}
  - component: {fileID: 8674107347449235445}
  - component: {fileID: 7251657160898657748}
  - component: {fileID: 2927722454251067393}
  m_Layer: 5
  m_Name: clickable_area
  m_TagString: Untagged
  m_Icon: {fileID: 0}
  m_NavMeshLayer: 0
  m_StaticEditorFlags: 0
  m_IsActive: 1
--- !u!224 &722626167574687073
RectTransform:
  m_ObjectHideFlags: 0
  m_CorrespondingSourceObject: {fileID: 0}
  m_PrefabInstance: {fileID: 0}
  m_PrefabAsset: {fileID: 0}
  m_GameObject: {fileID: 2633886982748879646}
  m_LocalRotation: {x: -0, y: -0, z: -0, w: 1}
  m_LocalPosition: {x: 0, y: 0, z: 0}
  m_LocalScale: {x: 1, y: 1, z: 1}
  m_Children: []
  m_Father: {fileID: 937414239753380337}
  m_RootOrder: 0
  m_LocalEulerAnglesHint: {x: 0, y: 0, z: 0}
  m_AnchorMin: {x: 0, y: 0}
  m_AnchorMax: {x: 1, y: 1}
  m_AnchoredPosition: {x: 0, y: 0}
  m_SizeDelta: {x: 0, y: 0}
  m_Pivot: {x: 0.5, y: 0.5}
--- !u!222 &8674107347449235445
CanvasRenderer:
  m_ObjectHideFlags: 0
  m_CorrespondingSourceObject: {fileID: 0}
  m_PrefabInstance: {fileID: 0}
  m_PrefabAsset: {fileID: 0}
  m_GameObject: {fileID: 2633886982748879646}
  m_CullTransparentMesh: 0
--- !u!114 &7251657160898657748
MonoBehaviour:
  m_ObjectHideFlags: 0
  m_CorrespondingSourceObject: {fileID: 0}
  m_PrefabInstance: {fileID: 0}
  m_PrefabAsset: {fileID: 0}
  m_GameObject: {fileID: 2633886982748879646}
  m_Enabled: 1
  m_EditorHideFlags: 0
  m_Script: {fileID: 11500000, guid: fe87c0e1cc204ed48ad3b37840f39efc, type: 3}
  m_Name: 
  m_EditorClassIdentifier: 
  m_Material: {fileID: 0}
  m_Color: {r: 1, g: 1, b: 1, a: 0}
  m_RaycastTarget: 1
  m_Maskable: 1
  m_OnCullStateChanged:
    m_PersistentCalls:
      m_Calls: []
  m_Sprite: {fileID: 21300000, guid: 0cf40b7dac5e701489fc44feb1043801, type: 3}
  m_Type: 0
  m_PreserveAspect: 0
  m_FillCenter: 1
  m_FillMethod: 4
  m_FillAmount: 1
  m_FillClockwise: 1
  m_FillOrigin: 0
  m_UseSpriteMesh: 0
  m_PixelsPerUnitMultiplier: 1
--- !u!114 &2927722454251067393
MonoBehaviour:
  m_ObjectHideFlags: 0
  m_CorrespondingSourceObject: {fileID: 0}
  m_PrefabInstance: {fileID: 0}
  m_PrefabAsset: {fileID: 0}
  m_GameObject: {fileID: 2633886982748879646}
  m_Enabled: 1
  m_EditorHideFlags: 0
  m_Script: {fileID: 11500000, guid: d0b148fe25e99eb48b9724523833bab1, type: 3}
  m_Name: 
  m_EditorClassIdentifier: 
  m_Delegates:
  - eventID: 4
    callback:
      m_PersistentCalls:
        m_Calls:
        - m_Target: {fileID: 1367846689861887222}
          m_MethodName: OnSlotClicked
          m_Mode: 3
          m_Arguments:
            m_ObjectArgument: {fileID: 0}
            m_ObjectArgumentAssemblyTypeName: UnityEngine.Object, UnityEngine
            m_IntArgument: 0
            m_FloatArgument: 0
            m_StringArgument: 
            m_BoolArgument: 0
          m_CallState: 2
--- !u!114 &4023594421202912964
MonoBehaviour:
  m_ObjectHideFlags: 0
  m_CorrespondingSourceObject: {fileID: 0}
  m_PrefabInstance: {fileID: 0}
  m_PrefabAsset: {fileID: 0}
  m_GameObject: {fileID: 3861628538346218161}
  m_Enabled: 1
  m_EditorHideFlags: 0
  m_Script: {fileID: 11500000, guid: d0b148fe25e99eb48b9724523833bab1, type: 3}
  m_Name: 
  m_EditorClassIdentifier: 
  m_Delegates:
  - eventID: 4
    callback:
      m_PersistentCalls:
        m_Calls:
        - m_Target: {fileID: 1367846689861887222}
          m_MethodName: OnDeleteClicked
          m_Mode: 3
          m_Arguments:
            m_ObjectArgument: {fileID: 0}
            m_ObjectArgumentAssemblyTypeName: UnityEngine.Object, UnityEngine
            m_IntArgument: 0
            m_FloatArgument: 0
            m_StringArgument: 
            m_BoolArgument: 0
          m_CallState: 2
--- !u!1 &5679589880336729664
GameObject:
  m_ObjectHideFlags: 0
  m_CorrespondingSourceObject: {fileID: 0}
  m_PrefabInstance: {fileID: 0}
  m_PrefabAsset: {fileID: 0}
  serializedVersion: 6
  m_Component:
  - component: {fileID: 937414239753380337}
  - component: {fileID: 7459865948670912084}
  - component: {fileID: 1367846689861887222}
  m_Layer: 5
  m_Name: pfb_token_slot
  m_TagString: Untagged
  m_Icon: {fileID: 0}
  m_NavMeshLayer: 0
  m_StaticEditorFlags: 0
  m_IsActive: 1
--- !u!224 &937414239753380337
RectTransform:
  m_ObjectHideFlags: 0
  m_CorrespondingSourceObject: {fileID: 0}
  m_PrefabInstance: {fileID: 0}
  m_PrefabAsset: {fileID: 0}
  m_GameObject: {fileID: 5679589880336729664}
  m_LocalRotation: {x: -0, y: -0, z: -0, w: 1}
  m_LocalPosition: {x: 0, y: 0, z: 0}
  m_LocalScale: {x: 1, y: 1, z: 1}
  m_Children:
  - {fileID: 722626167574687073}
  - {fileID: 4458696589414366849}
  - {fileID: 6761611370302993986}
  - {fileID: 6494290316399816575}
  - {fileID: 2424995264667333972}
  m_Father: {fileID: 0}
  m_RootOrder: 0
  m_LocalEulerAnglesHint: {x: 0, y: 0, z: 0}
  m_AnchorMin: {x: 0, y: 0}
  m_AnchorMax: {x: 0, y: 0}
  m_AnchoredPosition: {x: 0, y: 0}
  m_SizeDelta: {x: 300, y: 300}
  m_Pivot: {x: 0, y: 0}
--- !u!222 &7459865948670912084
CanvasRenderer:
  m_ObjectHideFlags: 0
  m_CorrespondingSourceObject: {fileID: 0}
  m_PrefabInstance: {fileID: 0}
  m_PrefabAsset: {fileID: 0}
  m_GameObject: {fileID: 5679589880336729664}
  m_CullTransparentMesh: 0
--- !u!114 &1367846689861887222
MonoBehaviour:
  m_ObjectHideFlags: 0
  m_CorrespondingSourceObject: {fileID: 0}
  m_PrefabInstance: {fileID: 0}
  m_PrefabAsset: {fileID: 0}
  m_GameObject: {fileID: 5679589880336729664}
  m_Enabled: 1
  m_EditorHideFlags: 0
  m_Script: {fileID: 11500000, guid: 14fb4dba4f5223d429e81e92d32496ef, type: 3}
  m_Name: 
  m_EditorClassIdentifier: 
  palette: {fileID: 11400000, guid: 39e90c020871cc74592a736adaef65d5, type: 2}
  collectible: {fileID: 7492788551812110342}
  slotBackground: {fileID: 8628888639663291903}
  slotFrame: {fileID: 5784773885305609631}
  delete_btn: {fileID: 1593713778325013200}
  status: 0
  statusStr: 
--- !u!1 &6650351045263618617
GameObject:
  m_ObjectHideFlags: 0
  m_CorrespondingSourceObject: {fileID: 0}
  m_PrefabInstance: {fileID: 0}
  m_PrefabAsset: {fileID: 0}
  serializedVersion: 6
  m_Component:
  - component: {fileID: 6761611370302993986}
  - component: {fileID: 8556399862045823107}
  - component: {fileID: 5784773885305609631}
  m_Layer: 5
  m_Name: frame
  m_TagString: Untagged
  m_Icon: {fileID: 0}
  m_NavMeshLayer: 0
  m_StaticEditorFlags: 0
  m_IsActive: 1
--- !u!224 &6761611370302993986
RectTransform:
  m_ObjectHideFlags: 0
  m_CorrespondingSourceObject: {fileID: 0}
  m_PrefabInstance: {fileID: 0}
  m_PrefabAsset: {fileID: 0}
  m_GameObject: {fileID: 6650351045263618617}
  m_LocalRotation: {x: 0, y: 0, z: 0, w: 1}
  m_LocalPosition: {x: 0, y: 0, z: 0}
  m_LocalScale: {x: 1, y: 1, z: 1}
  m_Children: []
  m_Father: {fileID: 937414239753380337}
  m_RootOrder: 2
  m_LocalEulerAnglesHint: {x: 0, y: 0, z: 0}
  m_AnchorMin: {x: 0, y: 0}
  m_AnchorMax: {x: 1, y: 1}
  m_AnchoredPosition: {x: 0, y: 0}
  m_SizeDelta: {x: 0, y: 0}
  m_Pivot: {x: 0.5, y: 0.5}
--- !u!222 &8556399862045823107
CanvasRenderer:
  m_ObjectHideFlags: 0
  m_CorrespondingSourceObject: {fileID: 0}
  m_PrefabInstance: {fileID: 0}
  m_PrefabAsset: {fileID: 0}
  m_GameObject: {fileID: 6650351045263618617}
  m_CullTransparentMesh: 0
--- !u!114 &5784773885305609631
MonoBehaviour:
  m_ObjectHideFlags: 0
  m_CorrespondingSourceObject: {fileID: 0}
  m_PrefabInstance: {fileID: 0}
  m_PrefabAsset: {fileID: 0}
  m_GameObject: {fileID: 6650351045263618617}
  m_Enabled: 1
  m_EditorHideFlags: 0
  m_Script: {fileID: 11500000, guid: fe87c0e1cc204ed48ad3b37840f39efc, type: 3}
  m_Name: 
  m_EditorClassIdentifier: 
  m_Material: {fileID: 0}
  m_Color: {r: 0.7372549, g: 0.7372549, b: 0.7372549, a: 1}
  m_RaycastTarget: 0
  m_Maskable: 1
  m_OnCullStateChanged:
    m_PersistentCalls:
      m_Calls: []
  m_Sprite: {fileID: 21300000, guid: 0bd37bbdb4c999147a6ecec9cf942786, type: 3}
  m_Type: 0
  m_PreserveAspect: 0
  m_FillCenter: 1
  m_FillMethod: 4
  m_FillAmount: 1
  m_FillClockwise: 1
  m_FillOrigin: 0
  m_UseSpriteMesh: 0
  m_PixelsPerUnitMultiplier: 1
--- !u!1001 &392901762077487834
PrefabInstance:
  m_ObjectHideFlags: 0
  serializedVersion: 2
  m_Modification:
    m_TransformParent: {fileID: 937414239753380337}
    m_Modifications:
    - target: {fileID: 2053691041545894420, guid: 2f0b6b34d97fe5441b7d95f2f5dfc0c5,
        type: 3}
      propertyPath: m_Name
      value: remove_btn
      objectReference: {fileID: 0}
    - target: {fileID: 2053691041545894420, guid: 2f0b6b34d97fe5441b7d95f2f5dfc0c5,
        type: 3}
      propertyPath: m_IsActive
      value: 0
      objectReference: {fileID: 0}
    - target: {fileID: 6643474128832838844, guid: 2f0b6b34d97fe5441b7d95f2f5dfc0c5,
        type: 3}
      propertyPath: m_Sprite
      value: 
      objectReference: {fileID: 21300000, guid: 2015f0bf24735ac458567e008f20924e,
        type: 3}
    - target: {fileID: 6868979749612805541, guid: 2f0b6b34d97fe5441b7d95f2f5dfc0c5,
        type: 3}
      propertyPath: m_LocalPosition.x
      value: 0
      objectReference: {fileID: 0}
    - target: {fileID: 6868979749612805541, guid: 2f0b6b34d97fe5441b7d95f2f5dfc0c5,
        type: 3}
      propertyPath: m_LocalPosition.y
      value: 0
      objectReference: {fileID: 0}
    - target: {fileID: 6868979749612805541, guid: 2f0b6b34d97fe5441b7d95f2f5dfc0c5,
        type: 3}
      propertyPath: m_LocalPosition.z
      value: 0
      objectReference: {fileID: 0}
    - target: {fileID: 6868979749612805541, guid: 2f0b6b34d97fe5441b7d95f2f5dfc0c5,
        type: 3}
      propertyPath: m_LocalRotation.x
      value: -0
      objectReference: {fileID: 0}
    - target: {fileID: 6868979749612805541, guid: 2f0b6b34d97fe5441b7d95f2f5dfc0c5,
        type: 3}
      propertyPath: m_LocalRotation.y
      value: -0
      objectReference: {fileID: 0}
    - target: {fileID: 6868979749612805541, guid: 2f0b6b34d97fe5441b7d95f2f5dfc0c5,
        type: 3}
      propertyPath: m_LocalRotation.z
      value: -0.000000004485409
      objectReference: {fileID: 0}
    - target: {fileID: 6868979749612805541, guid: 2f0b6b34d97fe5441b7d95f2f5dfc0c5,
        type: 3}
      propertyPath: m_LocalRotation.w
      value: 1
      objectReference: {fileID: 0}
    - target: {fileID: 6868979749612805541, guid: 2f0b6b34d97fe5441b7d95f2f5dfc0c5,
        type: 3}
      propertyPath: m_RootOrder
      value: 3
      objectReference: {fileID: 0}
    - target: {fileID: 6868979749612805541, guid: 2f0b6b34d97fe5441b7d95f2f5dfc0c5,
        type: 3}
      propertyPath: m_LocalEulerAnglesHint.x
      value: 0
      objectReference: {fileID: 0}
    - target: {fileID: 6868979749612805541, guid: 2f0b6b34d97fe5441b7d95f2f5dfc0c5,
        type: 3}
      propertyPath: m_LocalEulerAnglesHint.y
      value: 0
      objectReference: {fileID: 0}
    - target: {fileID: 6868979749612805541, guid: 2f0b6b34d97fe5441b7d95f2f5dfc0c5,
        type: 3}
      propertyPath: m_LocalEulerAnglesHint.z
      value: 0
      objectReference: {fileID: 0}
    - target: {fileID: 6868979749612805541, guid: 2f0b6b34d97fe5441b7d95f2f5dfc0c5,
        type: 3}
      propertyPath: m_AnchoredPosition.x
      value: -117
      objectReference: {fileID: 0}
    - target: {fileID: 6868979749612805541, guid: 2f0b6b34d97fe5441b7d95f2f5dfc0c5,
        type: 3}
      propertyPath: m_AnchoredPosition.y
      value: 80
      objectReference: {fileID: 0}
    - target: {fileID: 6868979749612805541, guid: 2f0b6b34d97fe5441b7d95f2f5dfc0c5,
        type: 3}
      propertyPath: m_SizeDelta.x
      value: 40
      objectReference: {fileID: 0}
    - target: {fileID: 6868979749612805541, guid: 2f0b6b34d97fe5441b7d95f2f5dfc0c5,
        type: 3}
      propertyPath: m_SizeDelta.y
      value: 40
      objectReference: {fileID: 0}
    - target: {fileID: 6868979749612805541, guid: 2f0b6b34d97fe5441b7d95f2f5dfc0c5,
        type: 3}
      propertyPath: m_AnchorMin.x
      value: 0.5
      objectReference: {fileID: 0}
    - target: {fileID: 6868979749612805541, guid: 2f0b6b34d97fe5441b7d95f2f5dfc0c5,
        type: 3}
      propertyPath: m_AnchorMin.y
      value: 0.5
      objectReference: {fileID: 0}
    - target: {fileID: 6868979749612805541, guid: 2f0b6b34d97fe5441b7d95f2f5dfc0c5,
        type: 3}
      propertyPath: m_AnchorMax.x
      value: 0.5
      objectReference: {fileID: 0}
    - target: {fileID: 6868979749612805541, guid: 2f0b6b34d97fe5441b7d95f2f5dfc0c5,
        type: 3}
      propertyPath: m_AnchorMax.y
      value: 0.5
      objectReference: {fileID: 0}
    - target: {fileID: 6868979749612805541, guid: 2f0b6b34d97fe5441b7d95f2f5dfc0c5,
        type: 3}
      propertyPath: m_Pivot.x
      value: 0.5
      objectReference: {fileID: 0}
    - target: {fileID: 6868979749612805541, guid: 2f0b6b34d97fe5441b7d95f2f5dfc0c5,
        type: 3}
      propertyPath: m_Pivot.y
      value: 0.5
      objectReference: {fileID: 0}
    - target: {fileID: 8616214799969974957, guid: 2f0b6b34d97fe5441b7d95f2f5dfc0c5,
        type: 3}
      propertyPath: m_AnchorMax.x
      value: 1
      objectReference: {fileID: 0}
    - target: {fileID: 8616214799969974957, guid: 2f0b6b34d97fe5441b7d95f2f5dfc0c5,
        type: 3}
      propertyPath: m_AnchorMax.y
      value: 1
      objectReference: {fileID: 0}
    - target: {fileID: 8616214799969974957, guid: 2f0b6b34d97fe5441b7d95f2f5dfc0c5,
        type: 3}
      propertyPath: m_SizeDelta.x
      value: 0
      objectReference: {fileID: 0}
    - target: {fileID: 8616214799969974957, guid: 2f0b6b34d97fe5441b7d95f2f5dfc0c5,
        type: 3}
      propertyPath: m_SizeDelta.y
      value: 0
      objectReference: {fileID: 0}
    m_RemovedComponents: []
  m_SourcePrefab: {fileID: 100100000, guid: 2f0b6b34d97fe5441b7d95f2f5dfc0c5, type: 3}
--- !u!224 &6494290316399816575 stripped
RectTransform:
  m_CorrespondingSourceObject: {fileID: 6868979749612805541, guid: 2f0b6b34d97fe5441b7d95f2f5dfc0c5,
    type: 3}
  m_PrefabInstance: {fileID: 392901762077487834}
  m_PrefabAsset: {fileID: 0}
--- !u!114 &1593713778325013200 stripped
MonoBehaviour:
  m_CorrespondingSourceObject: {fileID: 1400017153183559690, guid: 2f0b6b34d97fe5441b7d95f2f5dfc0c5,
    type: 3}
  m_PrefabInstance: {fileID: 392901762077487834}
  m_PrefabAsset: {fileID: 0}
  m_GameObject: {fileID: 0}
  m_Enabled: 1
  m_EditorHideFlags: 0
  m_Script: {fileID: 11500000, guid: 30e49637fac91cb4691830d652f7ce81, type: 3}
  m_Name: 
  m_EditorClassIdentifier: 
--- !u!1 &3861628538346218161 stripped
GameObject:
  m_CorrespondingSourceObject: {fileID: 3523113019701973099, guid: 2f0b6b34d97fe5441b7d95f2f5dfc0c5,
    type: 3}
  m_PrefabInstance: {fileID: 392901762077487834}
  m_PrefabAsset: {fileID: 0}
--- !u!1001 &4625571843353314380
PrefabInstance:
  m_ObjectHideFlags: 0
  serializedVersion: 2
  m_Modification:
    m_TransformParent: {fileID: 937414239753380337}
    m_Modifications:
    - target: {fileID: 1481095227024087089, guid: 2803f5ab2b2035e4faa4c631fa17fe77,
        type: 3}
      propertyPath: m_Enabled
      value: 1
      objectReference: {fileID: 0}
    - target: {fileID: 1613473718615711124, guid: 2803f5ab2b2035e4faa4c631fa17fe77,
        type: 3}
      propertyPath: m_SizeDelta.y
      value: 0
      objectReference: {fileID: 0}
    - target: {fileID: 2423289012339558738, guid: 2803f5ab2b2035e4faa4c631fa17fe77,
        type: 3}
      propertyPath: m_Enabled
      value: 1
      objectReference: {fileID: 0}
    - target: {fileID: 2791860733064816029, guid: 2803f5ab2b2035e4faa4c631fa17fe77,
        type: 3}
      propertyPath: m_AnchorMax.x
      value: 0
      objectReference: {fileID: 0}
    - target: {fileID: 2791860733064816029, guid: 2803f5ab2b2035e4faa4c631fa17fe77,
        type: 3}
      propertyPath: m_AnchorMax.y
      value: 0
      objectReference: {fileID: 0}
    - target: {fileID: 4071702710949094410, guid: 2803f5ab2b2035e4faa4c631fa17fe77,
        type: 3}
      propertyPath: m_SizeDelta.y
      value: 0
      objectReference: {fileID: 0}
    - target: {fileID: 4208690291941908911, guid: 2803f5ab2b2035e4faa4c631fa17fe77,
        type: 3}
      propertyPath: m_Enabled
      value: 1
      objectReference: {fileID: 0}
    - target: {fileID: 4313920554277302634, guid: 2803f5ab2b2035e4faa4c631fa17fe77,
        type: 3}
      propertyPath: m_textInfo.characterCount
      value: 2
      objectReference: {fileID: 0}
    - target: {fileID: 4313920554277302634, guid: 2803f5ab2b2035e4faa4c631fa17fe77,
        type: 3}
      propertyPath: m_textInfo.wordCount
      value: 1
      objectReference: {fileID: 0}
    - target: {fileID: 4313920554277302634, guid: 2803f5ab2b2035e4faa4c631fa17fe77,
        type: 3}
      propertyPath: m_textInfo.lineCount
      value: 1
      objectReference: {fileID: 0}
    - target: {fileID: 4313920554277302634, guid: 2803f5ab2b2035e4faa4c631fa17fe77,
        type: 3}
      propertyPath: m_textInfo.pageCount
      value: 1
      objectReference: {fileID: 0}
    - target: {fileID: 5116135044176999119, guid: 2803f5ab2b2035e4faa4c631fa17fe77,
        type: 3}
      propertyPath: m_textInfo.characterCount
      value: 1
      objectReference: {fileID: 0}
    - target: {fileID: 5116135044176999119, guid: 2803f5ab2b2035e4faa4c631fa17fe77,
        type: 3}
      propertyPath: m_textInfo.wordCount
      value: 1
      objectReference: {fileID: 0}
    - target: {fileID: 5116135044176999119, guid: 2803f5ab2b2035e4faa4c631fa17fe77,
        type: 3}
      propertyPath: m_textInfo.lineCount
      value: 1
      objectReference: {fileID: 0}
    - target: {fileID: 5116135044176999119, guid: 2803f5ab2b2035e4faa4c631fa17fe77,
        type: 3}
      propertyPath: m_textInfo.pageCount
      value: 1
      objectReference: {fileID: 0}
    - target: {fileID: 5116135044176999119, guid: 2803f5ab2b2035e4faa4c631fa17fe77,
        type: 3}
      propertyPath: m_textInfo.materialCount
      value: 2
      objectReference: {fileID: 0}
    - target: {fileID: 6265579024950565331, guid: 2803f5ab2b2035e4faa4c631fa17fe77,
        type: 3}
      propertyPath: m_AnchorMax.x
      value: 0
      objectReference: {fileID: 0}
    - target: {fileID: 6265579024950565331, guid: 2803f5ab2b2035e4faa4c631fa17fe77,
        type: 3}
      propertyPath: m_AnchorMax.y
      value: 0
      objectReference: {fileID: 0}
    - target: {fileID: 6338358028661984654, guid: 2803f5ab2b2035e4faa4c631fa17fe77,
        type: 3}
      propertyPath: m_Name
      value: pfb_collectible_token
      objectReference: {fileID: 0}
    - target: {fileID: 6358601940905776684, guid: 2803f5ab2b2035e4faa4c631fa17fe77,
        type: 3}
      propertyPath: m_textInfo.characterCount
      value: 2
      objectReference: {fileID: 0}
    - target: {fileID: 6358601940905776684, guid: 2803f5ab2b2035e4faa4c631fa17fe77,
        type: 3}
      propertyPath: m_textInfo.wordCount
      value: 1
      objectReference: {fileID: 0}
    - target: {fileID: 6358601940905776684, guid: 2803f5ab2b2035e4faa4c631fa17fe77,
        type: 3}
      propertyPath: m_textInfo.lineCount
      value: 1
      objectReference: {fileID: 0}
    - target: {fileID: 6358601940905776684, guid: 2803f5ab2b2035e4faa4c631fa17fe77,
        type: 3}
      propertyPath: m_textInfo.pageCount
      value: 1
      objectReference: {fileID: 0}
    - target: {fileID: 6608762891742854853, guid: 2803f5ab2b2035e4faa4c631fa17fe77,
        type: 3}
      propertyPath: m_Enabled
      value: 1
      objectReference: {fileID: 0}
    - target: {fileID: 6608762891742854853, guid: 2803f5ab2b2035e4faa4c631fa17fe77,
        type: 3}
      propertyPath: m_Material
      value: 
      objectReference: {fileID: 0}
    - target: {fileID: 6608762891742854853, guid: 2803f5ab2b2035e4faa4c631fa17fe77,
        type: 3}
      propertyPath: m_sharedMaterial
      value: 
      objectReference: {fileID: 0}
    - target: {fileID: 7031813700124127512, guid: 2803f5ab2b2035e4faa4c631fa17fe77,
        type: 3}
      propertyPath: m_LocalPosition.x
      value: 0
      objectReference: {fileID: 0}
    - target: {fileID: 7031813700124127512, guid: 2803f5ab2b2035e4faa4c631fa17fe77,
        type: 3}
      propertyPath: m_LocalPosition.y
      value: 0
      objectReference: {fileID: 0}
    - target: {fileID: 7031813700124127512, guid: 2803f5ab2b2035e4faa4c631fa17fe77,
        type: 3}
      propertyPath: m_LocalRotation.x
      value: -0
      objectReference: {fileID: 0}
    - target: {fileID: 7031813700124127512, guid: 2803f5ab2b2035e4faa4c631fa17fe77,
        type: 3}
      propertyPath: m_LocalRotation.y
      value: -0
      objectReference: {fileID: 0}
    - target: {fileID: 7031813700124127512, guid: 2803f5ab2b2035e4faa4c631fa17fe77,
        type: 3}
      propertyPath: m_LocalRotation.z
      value: -0.000000004485409
      objectReference: {fileID: 0}
    - target: {fileID: 7031813700124127512, guid: 2803f5ab2b2035e4faa4c631fa17fe77,
        type: 3}
      propertyPath: m_LocalRotation.w
      value: 1
      objectReference: {fileID: 0}
    - target: {fileID: 7031813700124127512, guid: 2803f5ab2b2035e4faa4c631fa17fe77,
        type: 3}
      propertyPath: m_RootOrder
      value: 4
      objectReference: {fileID: 0}
    - target: {fileID: 7031813700124127512, guid: 2803f5ab2b2035e4faa4c631fa17fe77,
        type: 3}
      propertyPath: m_LocalEulerAnglesHint.x
      value: 0
      objectReference: {fileID: 0}
    - target: {fileID: 7031813700124127512, guid: 2803f5ab2b2035e4faa4c631fa17fe77,
        type: 3}
      propertyPath: m_LocalEulerAnglesHint.y
      value: 0
      objectReference: {fileID: 0}
    - target: {fileID: 7031813700124127512, guid: 2803f5ab2b2035e4faa4c631fa17fe77,
        type: 3}
      propertyPath: m_LocalEulerAnglesHint.z
      value: 0
      objectReference: {fileID: 0}
    - target: {fileID: 7031813700124127512, guid: 2803f5ab2b2035e4faa4c631fa17fe77,
        type: 3}
      propertyPath: m_AnchorMin.x
      value: 0.5
      objectReference: {fileID: 0}
    - target: {fileID: 7031813700124127512, guid: 2803f5ab2b2035e4faa4c631fa17fe77,
        type: 3}
      propertyPath: m_AnchorMin.y
      value: 0.5
      objectReference: {fileID: 0}
    - target: {fileID: 7031813700124127512, guid: 2803f5ab2b2035e4faa4c631fa17fe77,
        type: 3}
      propertyPath: m_AnchorMax.x
      value: 0.5
      objectReference: {fileID: 0}
    - target: {fileID: 7031813700124127512, guid: 2803f5ab2b2035e4faa4c631fa17fe77,
        type: 3}
      propertyPath: m_AnchorMax.y
      value: 0.5
      objectReference: {fileID: 0}
    - target: {fileID: 7031813700124127512, guid: 2803f5ab2b2035e4faa4c631fa17fe77,
        type: 3}
      propertyPath: m_Pivot.x
      value: 0.5
      objectReference: {fileID: 0}
    - target: {fileID: 7031813700124127512, guid: 2803f5ab2b2035e4faa4c631fa17fe77,
        type: 3}
      propertyPath: m_Pivot.y
      value: 0.5
      objectReference: {fileID: 0}
    - target: {fileID: 7735134870090096934, guid: 2803f5ab2b2035e4faa4c631fa17fe77,
        type: 3}
      propertyPath: m_textInfo.characterCount
      value: 4
      objectReference: {fileID: 0}
    - target: {fileID: 7735134870090096934, guid: 2803f5ab2b2035e4faa4c631fa17fe77,
        type: 3}
      propertyPath: m_textInfo.wordCount
      value: 1
      objectReference: {fileID: 0}
    - target: {fileID: 7735134870090096934, guid: 2803f5ab2b2035e4faa4c631fa17fe77,
        type: 3}
      propertyPath: m_textInfo.lineCount
      value: 1
      objectReference: {fileID: 0}
    - target: {fileID: 7735134870090096934, guid: 2803f5ab2b2035e4faa4c631fa17fe77,
        type: 3}
      propertyPath: m_textInfo.pageCount
      value: 1
      objectReference: {fileID: 0}
    - target: {fileID: 8467999755853413074, guid: 2803f5ab2b2035e4faa4c631fa17fe77,
        type: 3}
      propertyPath: m_SizeDelta.y
      value: 0
      objectReference: {fileID: 0}
    - target: {fileID: 8564693104539824050, guid: 2803f5ab2b2035e4faa4c631fa17fe77,
        type: 3}
      propertyPath: m_textInfo.characterCount
      value: 2
      objectReference: {fileID: 0}
    - target: {fileID: 8564693104539824050, guid: 2803f5ab2b2035e4faa4c631fa17fe77,
        type: 3}
      propertyPath: m_textInfo.wordCount
      value: 1
      objectReference: {fileID: 0}
    - target: {fileID: 8564693104539824050, guid: 2803f5ab2b2035e4faa4c631fa17fe77,
        type: 3}
      propertyPath: m_textInfo.lineCount
      value: 1
      objectReference: {fileID: 0}
    - target: {fileID: 8564693104539824050, guid: 2803f5ab2b2035e4faa4c631fa17fe77,
        type: 3}
      propertyPath: m_textInfo.pageCount
      value: 1
      objectReference: {fileID: 0}
    - target: {fileID: 8605742712860458871, guid: 2803f5ab2b2035e4faa4c631fa17fe77,
        type: 3}
      propertyPath: m_Enabled
      value: 1
      objectReference: {fileID: 0}
    m_RemovedComponents: []
  m_SourcePrefab: {fileID: 100100000, guid: 2803f5ab2b2035e4faa4c631fa17fe77, type: 3}
--- !u!224 &2424995264667333972 stripped
RectTransform:
  m_CorrespondingSourceObject: {fileID: 7031813700124127512, guid: 2803f5ab2b2035e4faa4c631fa17fe77,
    type: 3}
  m_PrefabInstance: {fileID: 4625571843353314380}
  m_PrefabAsset: {fileID: 0}
--- !u!114 &7492788551812110342 stripped
MonoBehaviour:
  m_CorrespondingSourceObject: {fileID: 2867366246603578442, guid: 2803f5ab2b2035e4faa4c631fa17fe77,
    type: 3}
  m_PrefabInstance: {fileID: 4625571843353314380}
  m_PrefabAsset: {fileID: 0}
  m_GameObject: {fileID: 0}
  m_Enabled: 1
  m_EditorHideFlags: 0
  m_Script: {fileID: 11500000, guid: 5dcdadbed6fa1b74aaa380a560299f7f, type: 3}
  m_Name: 
  m_EditorClassIdentifier: 
