%YAML 1.1
%TAG !u! tag:unity3d.com,2011:
--- !u!1 &3952443908294160261
GameObject:
  m_ObjectHideFlags: 0
  m_CorrespondingSourceObject: {fileID: 0}
  m_PrefabInstance: {fileID: 0}
  m_PrefabAsset: {fileID: 0}
  serializedVersion: 6
  m_Component:
  - component: {fileID: 5157936764326093047}
  - component: {fileID: 8621033166264076947}
  m_Layer: 5
  m_Name: icon_text_b_l
  m_TagString: Untagged
  m_Icon: {fileID: 0}
  m_NavMeshLayer: 0
  m_StaticEditorFlags: 0
  m_IsActive: 1
--- !u!224 &5157936764326093047
RectTransform:
  m_ObjectHideFlags: 0
  m_CorrespondingSourceObject: {fileID: 0}
  m_PrefabInstance: {fileID: 0}
  m_PrefabAsset: {fileID: 0}
  m_GameObject: {fileID: 3952443908294160261}
  m_LocalRotation: {x: 0, y: 0, z: 0, w: 1}
  m_LocalPosition: {x: 0, y: 0, z: 0}
  m_LocalScale: {x: 1, y: 1, z: 1}
  m_Children:
  - {fileID: 1717952474234738868}
  - {fileID: 5289414285007094818}
  - {fileID: 7598428734806775704}
  m_Father: {fileID: 0}
  m_RootOrder: 0
  m_LocalEulerAnglesHint: {x: 0, y: 0, z: 0}
  m_AnchorMin: {x: 0.5, y: 0.5}
  m_AnchorMax: {x: 0.5, y: 0.5}
  m_AnchoredPosition: {x: -112.3, y: 25}
  m_SizeDelta: {x: 250, y: 100}
  m_Pivot: {x: 0.5, y: 0.5}
--- !u!114 &8621033166264076947
MonoBehaviour:
  m_ObjectHideFlags: 0
  m_CorrespondingSourceObject: {fileID: 0}
  m_PrefabInstance: {fileID: 0}
  m_PrefabAsset: {fileID: 0}
  m_GameObject: {fileID: 3952443908294160261}
  m_Enabled: 1
  m_EditorHideFlags: 0
  m_Script: {fileID: 11500000, guid: 4755952f1d8588c42a54e93891b7a4a2, type: 3}
  m_Name: 
  m_EditorClassIdentifier: 
  icon: {fileID: 816624529705830481}
  majorStr: {fileID: 2932242876947381661}
  minorStr: {fileID: 8625620734187661368}
  valueShiftTime: 0
  animationTimePerTick: 0
--- !u!1001 &1272859758212818776
PrefabInstance:
  m_ObjectHideFlags: 0
  serializedVersion: 2
  m_Modification:
    m_TransformParent: {fileID: 5157936764326093047}
    m_Modifications:
    - target: {fileID: 467670229794291692, guid: 1dc23ddd37d3fe342a6605b0475749fc,
        type: 3}
      propertyPath: m_LocalPosition.x
      value: 0
      objectReference: {fileID: 0}
    - target: {fileID: 467670229794291692, guid: 1dc23ddd37d3fe342a6605b0475749fc,
        type: 3}
      propertyPath: m_LocalPosition.y
      value: 0
      objectReference: {fileID: 0}
    - target: {fileID: 467670229794291692, guid: 1dc23ddd37d3fe342a6605b0475749fc,
        type: 3}
      propertyPath: m_LocalPosition.z
      value: 0
      objectReference: {fileID: 0}
    - target: {fileID: 467670229794291692, guid: 1dc23ddd37d3fe342a6605b0475749fc,
        type: 3}
      propertyPath: m_LocalRotation.x
      value: 0
      objectReference: {fileID: 0}
    - target: {fileID: 467670229794291692, guid: 1dc23ddd37d3fe342a6605b0475749fc,
        type: 3}
      propertyPath: m_LocalRotation.y
      value: 0
      objectReference: {fileID: 0}
    - target: {fileID: 467670229794291692, guid: 1dc23ddd37d3fe342a6605b0475749fc,
        type: 3}
      propertyPath: m_LocalRotation.z
      value: 0
      objectReference: {fileID: 0}
    - target: {fileID: 467670229794291692, guid: 1dc23ddd37d3fe342a6605b0475749fc,
        type: 3}
      propertyPath: m_LocalRotation.w
      value: 1
      objectReference: {fileID: 0}
    - target: {fileID: 467670229794291692, guid: 1dc23ddd37d3fe342a6605b0475749fc,
        type: 3}
      propertyPath: m_RootOrder
      value: 0
      objectReference: {fileID: 0}
    - target: {fileID: 467670229794291692, guid: 1dc23ddd37d3fe342a6605b0475749fc,
        type: 3}
      propertyPath: m_LocalEulerAnglesHint.x
      value: 0
      objectReference: {fileID: 0}
    - target: {fileID: 467670229794291692, guid: 1dc23ddd37d3fe342a6605b0475749fc,
        type: 3}
      propertyPath: m_LocalEulerAnglesHint.y
      value: 0
      objectReference: {fileID: 0}
    - target: {fileID: 467670229794291692, guid: 1dc23ddd37d3fe342a6605b0475749fc,
        type: 3}
      propertyPath: m_LocalEulerAnglesHint.z
      value: 0
      objectReference: {fileID: 0}
    - target: {fileID: 467670229794291692, guid: 1dc23ddd37d3fe342a6605b0475749fc,
        type: 3}
      propertyPath: m_AnchoredPosition.x
      value: 50.000015
      objectReference: {fileID: 0}
    - target: {fileID: 467670229794291692, guid: 1dc23ddd37d3fe342a6605b0475749fc,
        type: 3}
      propertyPath: m_AnchoredPosition.y
      value: 0
      objectReference: {fileID: 0}
    - target: {fileID: 467670229794291692, guid: 1dc23ddd37d3fe342a6605b0475749fc,
        type: 3}
      propertyPath: m_SizeDelta.x
      value: 100
      objectReference: {fileID: 0}
    - target: {fileID: 467670229794291692, guid: 1dc23ddd37d3fe342a6605b0475749fc,
        type: 3}
      propertyPath: m_SizeDelta.y
      value: 100
      objectReference: {fileID: 0}
    - target: {fileID: 467670229794291692, guid: 1dc23ddd37d3fe342a6605b0475749fc,
        type: 3}
      propertyPath: m_AnchorMin.x
      value: 0
      objectReference: {fileID: 0}
    - target: {fileID: 467670229794291692, guid: 1dc23ddd37d3fe342a6605b0475749fc,
        type: 3}
      propertyPath: m_AnchorMin.y
      value: 0.5
      objectReference: {fileID: 0}
    - target: {fileID: 467670229794291692, guid: 1dc23ddd37d3fe342a6605b0475749fc,
        type: 3}
      propertyPath: m_AnchorMax.x
      value: 0
      objectReference: {fileID: 0}
    - target: {fileID: 467670229794291692, guid: 1dc23ddd37d3fe342a6605b0475749fc,
        type: 3}
      propertyPath: m_AnchorMax.y
      value: 0.5
      objectReference: {fileID: 0}
    - target: {fileID: 467670229794291692, guid: 1dc23ddd37d3fe342a6605b0475749fc,
        type: 3}
      propertyPath: m_Pivot.x
      value: 0.5
      objectReference: {fileID: 0}
    - target: {fileID: 467670229794291692, guid: 1dc23ddd37d3fe342a6605b0475749fc,
        type: 3}
      propertyPath: m_Pivot.y
      value: 0.5
      objectReference: {fileID: 0}
    - target: {fileID: 1164791547728875604, guid: 1dc23ddd37d3fe342a6605b0475749fc,
        type: 3}
      propertyPath: m_Name
      value: icon_l
      objectReference: {fileID: 0}
    m_RemovedComponents: []
  m_SourcePrefab: {fileID: 100100000, guid: 1dc23ddd37d3fe342a6605b0475749fc, type: 3}
--- !u!224 &1717952474234738868 stripped
RectTransform:
  m_CorrespondingSourceObject: {fileID: 467670229794291692, guid: 1dc23ddd37d3fe342a6605b0475749fc,
    type: 3}
  m_PrefabInstance: {fileID: 1272859758212818776}
  m_PrefabAsset: {fileID: 0}
--- !u!114 &816624529705830481 stripped
MonoBehaviour:
  m_CorrespondingSourceObject: {fileID: 1945309410227564297, guid: 1dc23ddd37d3fe342a6605b0475749fc,
    type: 3}
  m_PrefabInstance: {fileID: 1272859758212818776}
  m_PrefabAsset: {fileID: 0}
  m_GameObject: {fileID: 0}
  m_Enabled: 1
  m_EditorHideFlags: 0
  m_Script: {fileID: 11500000, guid: 26e90f77ee710af4583d4be5b89020a2, type: 3}
  m_Name: 
  m_EditorClassIdentifier: 
--- !u!1001 &1611075476025202152
PrefabInstance:
  m_ObjectHideFlags: 0
  serializedVersion: 2
  m_Modification:
    m_TransformParent: {fileID: 5157936764326093047}
    m_Modifications:
    - target: {fileID: 9162778161964122736, guid: 6c803540c712d46449f91c0371e699da,
        type: 3}
      propertyPath: m_LocalPosition.x
      value: 0
      objectReference: {fileID: 0}
    - target: {fileID: 9162778161964122736, guid: 6c803540c712d46449f91c0371e699da,
        type: 3}
      propertyPath: m_LocalPosition.y
      value: 0
      objectReference: {fileID: 0}
    - target: {fileID: 9162778161964122736, guid: 6c803540c712d46449f91c0371e699da,
        type: 3}
      propertyPath: m_LocalPosition.z
      value: 0
      objectReference: {fileID: 0}
    - target: {fileID: 9162778161964122736, guid: 6c803540c712d46449f91c0371e699da,
        type: 3}
      propertyPath: m_LocalRotation.x
      value: 0
      objectReference: {fileID: 0}
    - target: {fileID: 9162778161964122736, guid: 6c803540c712d46449f91c0371e699da,
        type: 3}
      propertyPath: m_LocalRotation.y
      value: 0
      objectReference: {fileID: 0}
    - target: {fileID: 9162778161964122736, guid: 6c803540c712d46449f91c0371e699da,
        type: 3}
      propertyPath: m_LocalRotation.z
      value: 0
      objectReference: {fileID: 0}
    - target: {fileID: 9162778161964122736, guid: 6c803540c712d46449f91c0371e699da,
        type: 3}
      propertyPath: m_LocalRotation.w
      value: 1
      objectReference: {fileID: 0}
    - target: {fileID: 9162778161964122736, guid: 6c803540c712d46449f91c0371e699da,
        type: 3}
      propertyPath: m_RootOrder
      value: 2
      objectReference: {fileID: 0}
    - target: {fileID: 9162778161964122736, guid: 6c803540c712d46449f91c0371e699da,
        type: 3}
      propertyPath: m_LocalEulerAnglesHint.x
      value: 0
      objectReference: {fileID: 0}
    - target: {fileID: 9162778161964122736, guid: 6c803540c712d46449f91c0371e699da,
        type: 3}
      propertyPath: m_LocalEulerAnglesHint.y
      value: 0
      objectReference: {fileID: 0}
    - target: {fileID: 9162778161964122736, guid: 6c803540c712d46449f91c0371e699da,
        type: 3}
      propertyPath: m_LocalEulerAnglesHint.z
      value: 0
      objectReference: {fileID: 0}
    - target: {fileID: 9162778161964122736, guid: 6c803540c712d46449f91c0371e699da,
        type: 3}
      propertyPath: m_AnchoredPosition.x
      value: 100
      objectReference: {fileID: 0}
    - target: {fileID: 9162778161964122736, guid: 6c803540c712d46449f91c0371e699da,
        type: 3}
      propertyPath: m_AnchoredPosition.y
      value: -20
      objectReference: {fileID: 0}
    - target: {fileID: 9162778161964122736, guid: 6c803540c712d46449f91c0371e699da,
        type: 3}
      propertyPath: m_SizeDelta.x
      value: 150
      objectReference: {fileID: 0}
    - target: {fileID: 9162778161964122736, guid: 6c803540c712d46449f91c0371e699da,
        type: 3}
      propertyPath: m_SizeDelta.y
      value: 60
      objectReference: {fileID: 0}
    - target: {fileID: 9162778161964122736, guid: 6c803540c712d46449f91c0371e699da,
        type: 3}
      propertyPath: m_AnchorMin.x
      value: 0
      objectReference: {fileID: 0}
    - target: {fileID: 9162778161964122736, guid: 6c803540c712d46449f91c0371e699da,
        type: 3}
      propertyPath: m_AnchorMin.y
      value: 0.5
      objectReference: {fileID: 0}
    - target: {fileID: 9162778161964122736, guid: 6c803540c712d46449f91c0371e699da,
        type: 3}
      propertyPath: m_AnchorMax.x
      value: 0
      objectReference: {fileID: 0}
    - target: {fileID: 9162778161964122736, guid: 6c803540c712d46449f91c0371e699da,
        type: 3}
      propertyPath: m_AnchorMax.y
      value: 0.5
      objectReference: {fileID: 0}
    - target: {fileID: 9162778161964122736, guid: 6c803540c712d46449f91c0371e699da,
        type: 3}
      propertyPath: m_Pivot.x
      value: 0
      objectReference: {fileID: 0}
    - target: {fileID: 9162778161964122736, guid: 6c803540c712d46449f91c0371e699da,
        type: 3}
      propertyPath: m_Pivot.y
      value: 0.5
      objectReference: {fileID: 0}
    - target: {fileID: 9162778161964122737, guid: 6c803540c712d46449f91c0371e699da,
        type: 3}
      propertyPath: m_Name
      value: number_xl
      objectReference: {fileID: 0}
    - target: {fileID: 9162778161964122739, guid: 6c803540c712d46449f91c0371e699da,
        type: 3}
      propertyPath: m_HorizontalAlignment
      value: 1
      objectReference: {fileID: 0}
    - target: {fileID: 9162778161964122739, guid: 6c803540c712d46449f91c0371e699da,
        type: 3}
      propertyPath: m_VerticalAlignment
      value: 256
      objectReference: {fileID: 0}
    - target: {fileID: 9162778161964122739, guid: 6c803540c712d46449f91c0371e699da,
        type: 3}
      propertyPath: m_margin.x
      value: 5
      objectReference: {fileID: 0}
    m_RemovedComponents: []
  m_SourcePrefab: {fileID: 100100000, guid: 6c803540c712d46449f91c0371e699da, type: 3}
--- !u!224 &7598428734806775704 stripped
RectTransform:
  m_CorrespondingSourceObject: {fileID: 9162778161964122736, guid: 6c803540c712d46449f91c0371e699da,
    type: 3}
  m_PrefabInstance: {fileID: 1611075476025202152}
  m_PrefabAsset: {fileID: 0}
--- !u!114 &2932242876947381661 stripped
MonoBehaviour:
  m_CorrespondingSourceObject: {fileID: 4533677594415818869, guid: 6c803540c712d46449f91c0371e699da,
    type: 3}
  m_PrefabInstance: {fileID: 1611075476025202152}
  m_PrefabAsset: {fileID: 0}
  m_GameObject: {fileID: 0}
  m_Enabled: 1
  m_EditorHideFlags: 0
  m_Script: {fileID: 11500000, guid: 366e5fcf4374db04ca4e6b17b07f10b7, type: 3}
  m_Name: 
  m_EditorClassIdentifier: 
--- !u!1001 &4370041283543655166
PrefabInstance:
  m_ObjectHideFlags: 0
  serializedVersion: 2
  m_Modification:
    m_TransformParent: {fileID: 5157936764326093047}
    m_Modifications:
    - target: {fileID: 8485422850991953394, guid: 31fedbde3757569489ec327bdd22001d,
        type: 3}
      propertyPath: m_RootOrder
      value: 0
      objectReference: {fileID: 0}
    - target: {fileID: 8485422852039829212, guid: 31fedbde3757569489ec327bdd22001d,
        type: 3}
      propertyPath: m_LocalPosition.x
      value: 0
      objectReference: {fileID: 0}
    - target: {fileID: 8485422852039829212, guid: 31fedbde3757569489ec327bdd22001d,
        type: 3}
      propertyPath: m_LocalPosition.y
      value: 0
      objectReference: {fileID: 0}
    - target: {fileID: 8485422852039829212, guid: 31fedbde3757569489ec327bdd22001d,
        type: 3}
      propertyPath: m_LocalPosition.z
      value: 0
      objectReference: {fileID: 0}
    - target: {fileID: 8485422852039829212, guid: 31fedbde3757569489ec327bdd22001d,
        type: 3}
      propertyPath: m_RootOrder
      value: 1
      objectReference: {fileID: 0}
    - target: {fileID: 8485422852039829212, guid: 31fedbde3757569489ec327bdd22001d,
        type: 3}
      propertyPath: m_LocalEulerAnglesHint.x
      value: 0
      objectReference: {fileID: 0}
    - target: {fileID: 8485422852039829212, guid: 31fedbde3757569489ec327bdd22001d,
        type: 3}
      propertyPath: m_LocalEulerAnglesHint.y
      value: 0
      objectReference: {fileID: 0}
    - target: {fileID: 8485422852039829212, guid: 31fedbde3757569489ec327bdd22001d,
        type: 3}
      propertyPath: m_LocalEulerAnglesHint.z
      value: 0
      objectReference: {fileID: 0}
    - target: {fileID: 8485422852039829212, guid: 31fedbde3757569489ec327bdd22001d,
        type: 3}
      propertyPath: m_AnchoredPosition.y
      value: 30
      objectReference: {fileID: 0}
    - target: {fileID: 8485422852039829212, guid: 31fedbde3757569489ec327bdd22001d,
        type: 3}
      propertyPath: m_SizeDelta.x
      value: 150
      objectReference: {fileID: 0}
    - target: {fileID: 8485422852039829212, guid: 31fedbde3757569489ec327bdd22001d,
        type: 3}
      propertyPath: m_SizeDelta.y
      value: 40
      objectReference: {fileID: 0}
    - target: {fileID: 8485422852039829212, guid: 31fedbde3757569489ec327bdd22001d,
        type: 3}
      propertyPath: m_AnchoredPosition.x
      value: 100
      objectReference: {fileID: 0}
    - target: {fileID: 8485422852039829213, guid: 31fedbde3757569489ec327bdd22001d,
        type: 3}
      propertyPath: m_Name
      value: flavor_l
      objectReference: {fileID: 0}
    - target: {fileID: 8485422852039829215, guid: 31fedbde3757569489ec327bdd22001d,
        type: 3}
      propertyPath: m_VerticalAlignment
      value: 1024
      objectReference: {fileID: 0}
    - target: {fileID: 8485422852039829215, guid: 31fedbde3757569489ec327bdd22001d,
        type: 3}
      propertyPath: m_margin.x
      value: 5
      objectReference: {fileID: 0}
    - target: {fileID: 8485422852039829215, guid: 31fedbde3757569489ec327bdd22001d,
        type: 3}
      propertyPath: m_margin.y
      value: 0
      objectReference: {fileID: 0}
    - target: {fileID: 8485422852039829215, guid: 31fedbde3757569489ec327bdd22001d,
        type: 3}
      propertyPath: m_margin.z
      value: 5
      objectReference: {fileID: 0}
    - target: {fileID: 8485422852039829215, guid: 31fedbde3757569489ec327bdd22001d,
        type: 3}
      propertyPath: m_margin.w
      value: 0
      objectReference: {fileID: 0}
    m_RemovedComponents: []
  m_SourcePrefab: {fileID: 100100000, guid: 31fedbde3757569489ec327bdd22001d, type: 3}
--- !u!224 &5289414285007094818 stripped
RectTransform:
  m_CorrespondingSourceObject: {fileID: 8485422852039829212, guid: 31fedbde3757569489ec327bdd22001d,
    type: 3}
  m_PrefabInstance: {fileID: 4370041283543655166}
  m_PrefabAsset: {fileID: 0}
--- !u!114 &8625620734187661368 stripped
MonoBehaviour:
  m_CorrespondingSourceObject: {fileID: 5409347892837518022, guid: 31fedbde3757569489ec327bdd22001d,
    type: 3}
  m_PrefabInstance: {fileID: 4370041283543655166}
  m_PrefabAsset: {fileID: 0}
  m_GameObject: {fileID: 0}
  m_Enabled: 1
  m_EditorHideFlags: 0
  m_Script: {fileID: 11500000, guid: 366e5fcf4374db04ca4e6b17b07f10b7, type: 3}
  m_Name: 
  m_EditorClassIdentifier: 
