%YAML 1.1
%TAG !u! tag:unity3d.com,2011:
--- !u!1 &1895298095685646269
GameObject:
  m_ObjectHideFlags: 0
  m_CorrespondingSourceObject: {fileID: 0}
  m_PrefabInstance: {fileID: 0}
  m_PrefabAsset: {fileID: 0}
  serializedVersion: 6
  m_Component:
  - component: {fileID: 7710225716998256847}
  - component: {fileID: 7529506752399656998}
  m_Layer: 5
  m_Name: icon_text_c_s
  m_TagString: Untagged
  m_Icon: {fileID: 0}
  m_NavMeshLayer: 0
  m_StaticEditorFlags: 0
  m_IsActive: 1
--- !u!224 &7710225716998256847
RectTransform:
  m_ObjectHideFlags: 0
  m_CorrespondingSourceObject: {fileID: 0}
  m_PrefabInstance: {fileID: 0}
  m_PrefabAsset: {fileID: 0}
  m_GameObject: {fileID: 1895298095685646269}
  m_LocalRotation: {x: 0, y: 0, z: 0, w: 1}
  m_LocalPosition: {x: 0, y: 0, z: 0}
  m_LocalScale: {x: 1, y: 1, z: 1}
  m_Children:
  - {fileID: 8382825030737913472}
  - {fileID: 1739484155043806603}
  m_Father: {fileID: 0}
  m_RootOrder: 0
  m_LocalEulerAnglesHint: {x: 0, y: 0, z: 0}
  m_AnchorMin: {x: 0, y: 0}
  m_AnchorMax: {x: 0, y: 0}
  m_AnchoredPosition: {x: 0, y: 0}
  m_SizeDelta: {x: 50, y: 50}
  m_Pivot: {x: 0.5, y: 0.5}
--- !u!114 &7529506752399656998
MonoBehaviour:
  m_ObjectHideFlags: 0
  m_CorrespondingSourceObject: {fileID: 0}
  m_PrefabInstance: {fileID: 0}
  m_PrefabAsset: {fileID: 0}
  m_GameObject: {fileID: 1895298095685646269}
  m_Enabled: 1
  m_EditorHideFlags: 0
  m_Script: {fileID: 11500000, guid: 4755952f1d8588c42a54e93891b7a4a2, type: 3}
  m_Name: 
  m_EditorClassIdentifier: 
  icon: {fileID: 7554676160359937637}
  majorStr: {fileID: 6476601148212451214}
  minorStr: {fileID: 0}
  valueShiftTime: 0
  animationTimePerTick: 0
--- !u!1001 &4897092214329908202
PrefabInstance:
  m_ObjectHideFlags: 0
  serializedVersion: 2
  m_Modification:
    m_TransformParent: {fileID: 7710225716998256847}
    m_Modifications:
    - target: {fileID: 6617499737362359904, guid: 7bfe2ef0984dc6644b5924cb40d684b9,
        type: 3}
      propertyPath: m_Name
      value: number_l
      objectReference: {fileID: 0}
    - target: {fileID: 6617499737362359905, guid: 7bfe2ef0984dc6644b5924cb40d684b9,
        type: 3}
      propertyPath: m_LocalPosition.x
      value: 0
      objectReference: {fileID: 0}
    - target: {fileID: 6617499737362359905, guid: 7bfe2ef0984dc6644b5924cb40d684b9,
        type: 3}
      propertyPath: m_LocalPosition.y
      value: 0
      objectReference: {fileID: 0}
    - target: {fileID: 6617499737362359905, guid: 7bfe2ef0984dc6644b5924cb40d684b9,
        type: 3}
      propertyPath: m_LocalPosition.z
      value: 0
      objectReference: {fileID: 0}
    - target: {fileID: 6617499737362359905, guid: 7bfe2ef0984dc6644b5924cb40d684b9,
        type: 3}
      propertyPath: m_LocalRotation.x
      value: 0
      objectReference: {fileID: 0}
    - target: {fileID: 6617499737362359905, guid: 7bfe2ef0984dc6644b5924cb40d684b9,
        type: 3}
      propertyPath: m_LocalRotation.y
      value: 0
      objectReference: {fileID: 0}
    - target: {fileID: 6617499737362359905, guid: 7bfe2ef0984dc6644b5924cb40d684b9,
        type: 3}
      propertyPath: m_LocalRotation.z
      value: 0
      objectReference: {fileID: 0}
    - target: {fileID: 6617499737362359905, guid: 7bfe2ef0984dc6644b5924cb40d684b9,
        type: 3}
      propertyPath: m_LocalRotation.w
      value: 1
      objectReference: {fileID: 0}
    - target: {fileID: 6617499737362359905, guid: 7bfe2ef0984dc6644b5924cb40d684b9,
        type: 3}
      propertyPath: m_RootOrder
      value: 1
      objectReference: {fileID: 0}
    - target: {fileID: 6617499737362359905, guid: 7bfe2ef0984dc6644b5924cb40d684b9,
        type: 3}
      propertyPath: m_LocalEulerAnglesHint.x
      value: 0
      objectReference: {fileID: 0}
    - target: {fileID: 6617499737362359905, guid: 7bfe2ef0984dc6644b5924cb40d684b9,
        type: 3}
      propertyPath: m_LocalEulerAnglesHint.y
      value: 0
      objectReference: {fileID: 0}
    - target: {fileID: 6617499737362359905, guid: 7bfe2ef0984dc6644b5924cb40d684b9,
        type: 3}
      propertyPath: m_LocalEulerAnglesHint.z
      value: 0
      objectReference: {fileID: 0}
    - target: {fileID: 6617499737362359905, guid: 7bfe2ef0984dc6644b5924cb40d684b9,
        type: 3}
      propertyPath: m_AnchoredPosition.x
      value: 0
      objectReference: {fileID: 0}
    - target: {fileID: 6617499737362359905, guid: 7bfe2ef0984dc6644b5924cb40d684b9,
        type: 3}
      propertyPath: m_AnchoredPosition.y
      value: 0
      objectReference: {fileID: 0}
    - target: {fileID: 6617499737362359905, guid: 7bfe2ef0984dc6644b5924cb40d684b9,
        type: 3}
      propertyPath: m_SizeDelta.x
      value: 50
      objectReference: {fileID: 0}
    - target: {fileID: 6617499737362359905, guid: 7bfe2ef0984dc6644b5924cb40d684b9,
        type: 3}
      propertyPath: m_SizeDelta.y
      value: 50
      objectReference: {fileID: 0}
    - target: {fileID: 6617499737362359905, guid: 7bfe2ef0984dc6644b5924cb40d684b9,
        type: 3}
      propertyPath: m_AnchorMin.x
      value: 0
      objectReference: {fileID: 0}
    - target: {fileID: 6617499737362359905, guid: 7bfe2ef0984dc6644b5924cb40d684b9,
        type: 3}
      propertyPath: m_AnchorMin.y
      value: 0.5
      objectReference: {fileID: 0}
    - target: {fileID: 6617499737362359905, guid: 7bfe2ef0984dc6644b5924cb40d684b9,
        type: 3}
      propertyPath: m_AnchorMax.x
      value: 0
      objectReference: {fileID: 0}
    - target: {fileID: 6617499737362359905, guid: 7bfe2ef0984dc6644b5924cb40d684b9,
        type: 3}
      propertyPath: m_AnchorMax.y
      value: 0.5
      objectReference: {fileID: 0}
    - target: {fileID: 6617499737362359905, guid: 7bfe2ef0984dc6644b5924cb40d684b9,
        type: 3}
      propertyPath: m_Pivot.x
      value: 0
      objectReference: {fileID: 0}
    - target: {fileID: 6617499737362359905, guid: 7bfe2ef0984dc6644b5924cb40d684b9,
        type: 3}
      propertyPath: m_Pivot.y
      value: 0.5
      objectReference: {fileID: 0}
    - target: {fileID: 6617499737362359906, guid: 7bfe2ef0984dc6644b5924cb40d684b9,
        type: 3}
      propertyPath: m_text
      value: 12
      objectReference: {fileID: 0}
    - target: {fileID: 6617499737362359906, guid: 7bfe2ef0984dc6644b5924cb40d684b9,
        type: 3}
      propertyPath: m_HorizontalAlignment
      value: 2
      objectReference: {fileID: 0}
    - target: {fileID: 6617499737362359906, guid: 7bfe2ef0984dc6644b5924cb40d684b9,
        type: 3}
      propertyPath: m_margin.x
      value: 0
      objectReference: {fileID: 0}
    - target: {fileID: 6617499737362359906, guid: 7bfe2ef0984dc6644b5924cb40d684b9,
        type: 3}
      propertyPath: m_margin.y
      value: 0
      objectReference: {fileID: 0}
    - target: {fileID: 6617499737362359906, guid: 7bfe2ef0984dc6644b5924cb40d684b9,
        type: 3}
      propertyPath: m_margin.z
      value: 0
      objectReference: {fileID: 0}
    - target: {fileID: 6617499737362359906, guid: 7bfe2ef0984dc6644b5924cb40d684b9,
        type: 3}
      propertyPath: m_margin.w
      value: 0
      objectReference: {fileID: 0}
    - target: {fileID: 6617499737362359906, guid: 7bfe2ef0984dc6644b5924cb40d684b9,
        type: 3}
      propertyPath: m_VerticalAlignment
      value: 512
      objectReference: {fileID: 0}
    m_RemovedComponents: []
  m_SourcePrefab: {fileID: 100100000, guid: 7bfe2ef0984dc6644b5924cb40d684b9, type: 3}
--- !u!224 &1739484155043806603 stripped
RectTransform:
  m_CorrespondingSourceObject: {fileID: 6617499737362359905, guid: 7bfe2ef0984dc6644b5924cb40d684b9,
    type: 3}
  m_PrefabInstance: {fileID: 4897092214329908202}
  m_PrefabAsset: {fileID: 0}
--- !u!114 &6476601148212451214 stripped
MonoBehaviour:
  m_CorrespondingSourceObject: {fileID: 1879255597252086884, guid: 7bfe2ef0984dc6644b5924cb40d684b9,
    type: 3}
  m_PrefabInstance: {fileID: 4897092214329908202}
  m_PrefabAsset: {fileID: 0}
  m_GameObject: {fileID: 0}
  m_Enabled: 1
  m_EditorHideFlags: 0
  m_Script: {fileID: 11500000, guid: 366e5fcf4374db04ca4e6b17b07f10b7, type: 3}
  m_Name: 
  m_EditorClassIdentifier: 
--- !u!1001 &7338448518394351944
PrefabInstance:
  m_ObjectHideFlags: 0
  serializedVersion: 2
  m_Modification:
    m_TransformParent: {fileID: 7710225716998256847}
    m_Modifications:
    - target: {fileID: 564633156056635504, guid: 452526de59a72924e85b61d4e4da88b2,
        type: 3}
      propertyPath: m_Name
      value: icon_s
      objectReference: {fileID: 0}
    - target: {fileID: 1261763227906340808, guid: 452526de59a72924e85b61d4e4da88b2,
        type: 3}
      propertyPath: m_LocalPosition.x
      value: 0
      objectReference: {fileID: 0}
    - target: {fileID: 1261763227906340808, guid: 452526de59a72924e85b61d4e4da88b2,
        type: 3}
      propertyPath: m_LocalPosition.y
      value: 0
      objectReference: {fileID: 0}
    - target: {fileID: 1261763227906340808, guid: 452526de59a72924e85b61d4e4da88b2,
        type: 3}
      propertyPath: m_LocalPosition.z
      value: 0
      objectReference: {fileID: 0}
    - target: {fileID: 1261763227906340808, guid: 452526de59a72924e85b61d4e4da88b2,
        type: 3}
      propertyPath: m_LocalRotation.x
      value: -0
      objectReference: {fileID: 0}
    - target: {fileID: 1261763227906340808, guid: 452526de59a72924e85b61d4e4da88b2,
        type: 3}
      propertyPath: m_LocalRotation.y
      value: -0
      objectReference: {fileID: 0}
    - target: {fileID: 1261763227906340808, guid: 452526de59a72924e85b61d4e4da88b2,
        type: 3}
      propertyPath: m_LocalRotation.z
      value: -0
      objectReference: {fileID: 0}
    - target: {fileID: 1261763227906340808, guid: 452526de59a72924e85b61d4e4da88b2,
        type: 3}
      propertyPath: m_LocalRotation.w
      value: 1
      objectReference: {fileID: 0}
    - target: {fileID: 1261763227906340808, guid: 452526de59a72924e85b61d4e4da88b2,
        type: 3}
      propertyPath: m_RootOrder
      value: 0
      objectReference: {fileID: 0}
    - target: {fileID: 1261763227906340808, guid: 452526de59a72924e85b61d4e4da88b2,
        type: 3}
      propertyPath: m_LocalEulerAnglesHint.x
      value: 0
      objectReference: {fileID: 0}
    - target: {fileID: 1261763227906340808, guid: 452526de59a72924e85b61d4e4da88b2,
        type: 3}
      propertyPath: m_LocalEulerAnglesHint.y
      value: 0
      objectReference: {fileID: 0}
    - target: {fileID: 1261763227906340808, guid: 452526de59a72924e85b61d4e4da88b2,
        type: 3}
      propertyPath: m_LocalEulerAnglesHint.z
      value: 0
      objectReference: {fileID: 0}
    - target: {fileID: 1261763227906340808, guid: 452526de59a72924e85b61d4e4da88b2,
        type: 3}
      propertyPath: m_AnchoredPosition.x
      value: 25
      objectReference: {fileID: 0}
    - target: {fileID: 1261763227906340808, guid: 452526de59a72924e85b61d4e4da88b2,
        type: 3}
      propertyPath: m_AnchoredPosition.y
      value: 0
      objectReference: {fileID: 0}
    - target: {fileID: 1261763227906340808, guid: 452526de59a72924e85b61d4e4da88b2,
        type: 3}
      propertyPath: m_SizeDelta.x
      value: 50
      objectReference: {fileID: 0}
    - target: {fileID: 1261763227906340808, guid: 452526de59a72924e85b61d4e4da88b2,
        type: 3}
      propertyPath: m_SizeDelta.y
      value: 50
      objectReference: {fileID: 0}
    - target: {fileID: 1261763227906340808, guid: 452526de59a72924e85b61d4e4da88b2,
        type: 3}
      propertyPath: m_AnchorMin.x
      value: 0
      objectReference: {fileID: 0}
    - target: {fileID: 1261763227906340808, guid: 452526de59a72924e85b61d4e4da88b2,
        type: 3}
      propertyPath: m_AnchorMin.y
      value: 0.5
      objectReference: {fileID: 0}
    - target: {fileID: 1261763227906340808, guid: 452526de59a72924e85b61d4e4da88b2,
        type: 3}
      propertyPath: m_AnchorMax.x
      value: 0
      objectReference: {fileID: 0}
    - target: {fileID: 1261763227906340808, guid: 452526de59a72924e85b61d4e4da88b2,
        type: 3}
      propertyPath: m_AnchorMax.y
      value: 0.5
      objectReference: {fileID: 0}
    - target: {fileID: 1261763227906340808, guid: 452526de59a72924e85b61d4e4da88b2,
        type: 3}
      propertyPath: m_Pivot.x
      value: 0.5
      objectReference: {fileID: 0}
    - target: {fileID: 1261763227906340808, guid: 452526de59a72924e85b61d4e4da88b2,
        type: 3}
      propertyPath: m_Pivot.y
      value: 0.5
      objectReference: {fileID: 0}
    m_RemovedComponents: []
  m_SourcePrefab: {fileID: 100100000, guid: 452526de59a72924e85b61d4e4da88b2, type: 3}
--- !u!224 &8382825030737913472 stripped
RectTransform:
  m_CorrespondingSourceObject: {fileID: 1261763227906340808, guid: 452526de59a72924e85b61d4e4da88b2,
    type: 3}
  m_PrefabInstance: {fileID: 7338448518394351944}
  m_PrefabAsset: {fileID: 0}
--- !u!114 &7554676160359937637 stripped
MonoBehaviour:
  m_CorrespondingSourceObject: {fileID: 937014782668482349, guid: 452526de59a72924e85b61d4e4da88b2,
    type: 3}
  m_PrefabInstance: {fileID: 7338448518394351944}
  m_PrefabAsset: {fileID: 0}
  m_GameObject: {fileID: 0}
  m_Enabled: 1
  m_EditorHideFlags: 0
  m_Script: {fileID: 11500000, guid: 26e90f77ee710af4583d4be5b89020a2, type: 3}
  m_Name: 
  m_EditorClassIdentifier: 
