%YAML 1.1
%TAG !u! tag:unity3d.com,2011:
--- !u!114 &6439544897293367681
MonoBehaviour:
  m_ObjectHideFlags: 0
  m_CorrespondingSourceObject: {fileID: 0}
  m_PrefabInstance: {fileID: 0}
  m_PrefabAsset: {fileID: 0}
  m_GameObject: {fileID: 4103264393712468663}
  m_Enabled: 1
  m_EditorHideFlags: 0
  m_Script: {fileID: 11500000, guid: d0b148fe25e99eb48b9724523833bab1, type: 3}
  m_Name: 
  m_EditorClassIdentifier: 
  m_Delegates:
  - eventID: 4
    callback:
      m_PersistentCalls:
        m_Calls:
        - m_Target: {fileID: 8607686940260206612}
          m_MethodName: OnTokenClicked
          m_Mode: 3
          m_Arguments:
            m_ObjectArgument: {fileID: 0}
            m_ObjectArgumentAssemblyTypeName: UnityEngine.Object, UnityEngine
            m_IntArgument: 0
            m_FloatArgument: 0
            m_StringArgument: 
            m_BoolArgument: 0
          m_CallState: 2
--- !u!1 &6218185105733517734
GameObject:
  m_ObjectHideFlags: 0
  m_CorrespondingSourceObject: {fileID: 0}
  m_PrefabInstance: {fileID: 0}
  m_PrefabAsset: {fileID: 0}
  serializedVersion: 6
  m_Component:
  - component: {fileID: 1293063663563069618}
  - component: {fileID: 8607686940260206612}
  m_Layer: 5
  m_Name: collectible_l
  m_TagString: Untagged
  m_Icon: {fileID: 0}
  m_NavMeshLayer: 0
  m_StaticEditorFlags: 0
  m_IsActive: 1
--- !u!224 &1293063663563069618
RectTransform:
  m_ObjectHideFlags: 0
  m_CorrespondingSourceObject: {fileID: 0}
  m_PrefabInstance: {fileID: 0}
  m_PrefabAsset: {fileID: 0}
  m_GameObject: {fileID: 6218185105733517734}
  m_LocalRotation: {x: -0, y: -0, z: -0, w: 1}
  m_LocalPosition: {x: 0, y: 0, z: 0}
  m_LocalScale: {x: 1, y: 1, z: 1}
  m_Children:
  - {fileID: 5480483948547644063}
  - {fileID: 19231598043708470}
  - {fileID: 2553762734183536509}
  - {fileID: 1836672250876206287}
  - {fileID: 6567835398339381122}
  - {fileID: 419394337553163795}
  - {fileID: 4897068304388872176}
  m_Father: {fileID: 0}
  m_RootOrder: 0
  m_LocalEulerAnglesHint: {x: 0, y: 0, z: 0}
  m_AnchorMin: {x: 0.5, y: 0.5}
  m_AnchorMax: {x: 0.5, y: 0.5}
  m_AnchoredPosition: {x: 0, y: 0}
  m_SizeDelta: {x: 260, y: 260}
  m_Pivot: {x: 0.5, y: 0.5}
--- !u!114 &8607686940260206612
MonoBehaviour:
  m_ObjectHideFlags: 0
  m_CorrespondingSourceObject: {fileID: 0}
  m_PrefabInstance: {fileID: 0}
  m_PrefabAsset: {fileID: 0}
  m_GameObject: {fileID: 6218185105733517734}
  m_Enabled: 1
  m_EditorHideFlags: 0
  m_Script: {fileID: 11500000, guid: 53050bad8e9b1df4baeb8af715ac366e, type: 3}
  m_Name: 
  m_EditorClassIdentifier: 
  itemUID: 
  status: 0
  namePallete: {fileID: 11400000, guid: 59436b335dc00fe44a1b6aa4cff0a432, type: 2}
  interactiveZone: {fileID: 4103264393712468663}
  art: {fileID: 673029267373530043}
  art_frame: {fileID: 8731169313551413670}
  mask: {fileID: 6194276354378730572}
  collectibleName: {fileID: 778516156678719575}
  star: {fileID: 244488330128785250}
  tags:
  - {fileID: 6510519573881502578}
  - {fileID: 1730098999029227583}
  - {fileID: 5113507855119319470}
--- !u!1001 &640012652544398006
PrefabInstance:
  m_ObjectHideFlags: 0
  serializedVersion: 2
  m_Modification:
    m_TransformParent: {fileID: 1293063663563069618}
    m_Modifications:
    - target: {fileID: 1476872296836631584, guid: d9f415e75ade4c04db1743f22306cb0a,
        type: 3}
      propertyPath: m_Name
      value: tag_l 2
      objectReference: {fileID: 0}
    - target: {fileID: 6036067473058125108, guid: d9f415e75ade4c04db1743f22306cb0a,
        type: 3}
      propertyPath: m_LocalPosition.x
      value: 0
      objectReference: {fileID: 0}
    - target: {fileID: 6036067473058125108, guid: d9f415e75ade4c04db1743f22306cb0a,
        type: 3}
      propertyPath: m_LocalPosition.y
      value: 0
      objectReference: {fileID: 0}
    - target: {fileID: 6036067473058125108, guid: d9f415e75ade4c04db1743f22306cb0a,
        type: 3}
      propertyPath: m_LocalPosition.z
      value: 0
      objectReference: {fileID: 0}
    - target: {fileID: 6036067473058125108, guid: d9f415e75ade4c04db1743f22306cb0a,
        type: 3}
      propertyPath: m_LocalRotation.x
      value: -0
      objectReference: {fileID: 0}
    - target: {fileID: 6036067473058125108, guid: d9f415e75ade4c04db1743f22306cb0a,
        type: 3}
      propertyPath: m_LocalRotation.y
      value: -0
      objectReference: {fileID: 0}
    - target: {fileID: 6036067473058125108, guid: d9f415e75ade4c04db1743f22306cb0a,
        type: 3}
      propertyPath: m_LocalRotation.z
      value: -0
      objectReference: {fileID: 0}
    - target: {fileID: 6036067473058125108, guid: d9f415e75ade4c04db1743f22306cb0a,
        type: 3}
      propertyPath: m_LocalRotation.w
      value: 1
      objectReference: {fileID: 0}
    - target: {fileID: 6036067473058125108, guid: d9f415e75ade4c04db1743f22306cb0a,
        type: 3}
      propertyPath: m_RootOrder
      value: 4
      objectReference: {fileID: 0}
    - target: {fileID: 6036067473058125108, guid: d9f415e75ade4c04db1743f22306cb0a,
        type: 3}
      propertyPath: m_LocalEulerAnglesHint.x
      value: 0
      objectReference: {fileID: 0}
    - target: {fileID: 6036067473058125108, guid: d9f415e75ade4c04db1743f22306cb0a,
        type: 3}
      propertyPath: m_LocalEulerAnglesHint.y
      value: 0
      objectReference: {fileID: 0}
    - target: {fileID: 6036067473058125108, guid: d9f415e75ade4c04db1743f22306cb0a,
        type: 3}
      propertyPath: m_LocalEulerAnglesHint.z
      value: 0
      objectReference: {fileID: 0}
    - target: {fileID: 6036067473058125108, guid: d9f415e75ade4c04db1743f22306cb0a,
        type: 3}
      propertyPath: m_AnchoredPosition.x
      value: 0
      objectReference: {fileID: 0}
    - target: {fileID: 6036067473058125108, guid: d9f415e75ade4c04db1743f22306cb0a,
        type: 3}
      propertyPath: m_AnchoredPosition.y
      value: -110
      objectReference: {fileID: 0}
    - target: {fileID: 6036067473058125108, guid: d9f415e75ade4c04db1743f22306cb0a,
        type: 3}
      propertyPath: m_SizeDelta.x
      value: 80
      objectReference: {fileID: 0}
    - target: {fileID: 6036067473058125108, guid: d9f415e75ade4c04db1743f22306cb0a,
        type: 3}
      propertyPath: m_SizeDelta.y
      value: 45
      objectReference: {fileID: 0}
    - target: {fileID: 6036067473058125108, guid: d9f415e75ade4c04db1743f22306cb0a,
        type: 3}
      propertyPath: m_AnchorMin.x
      value: 0.5
      objectReference: {fileID: 0}
    - target: {fileID: 6036067473058125108, guid: d9f415e75ade4c04db1743f22306cb0a,
        type: 3}
      propertyPath: m_AnchorMin.y
      value: 0.5
      objectReference: {fileID: 0}
    - target: {fileID: 6036067473058125108, guid: d9f415e75ade4c04db1743f22306cb0a,
        type: 3}
      propertyPath: m_AnchorMax.x
      value: 0.5
      objectReference: {fileID: 0}
    - target: {fileID: 6036067473058125108, guid: d9f415e75ade4c04db1743f22306cb0a,
        type: 3}
      propertyPath: m_AnchorMax.y
      value: 0.5
      objectReference: {fileID: 0}
    - target: {fileID: 6036067473058125108, guid: d9f415e75ade4c04db1743f22306cb0a,
        type: 3}
      propertyPath: m_Pivot.x
      value: 0.5
      objectReference: {fileID: 0}
    - target: {fileID: 6036067473058125108, guid: d9f415e75ade4c04db1743f22306cb0a,
        type: 3}
      propertyPath: m_Pivot.y
      value: 0.5
      objectReference: {fileID: 0}
    m_RemovedComponents: []
  m_SourcePrefab: {fileID: 100100000, guid: d9f415e75ade4c04db1743f22306cb0a, type: 3}
--- !u!224 &6567835398339381122 stripped
RectTransform:
  m_CorrespondingSourceObject: {fileID: 6036067473058125108, guid: d9f415e75ade4c04db1743f22306cb0a,
    type: 3}
  m_PrefabInstance: {fileID: 640012652544398006}
  m_PrefabAsset: {fileID: 0}
--- !u!114 &1730098999029227583 stripped
MonoBehaviour:
  m_CorrespondingSourceObject: {fileID: 1216890826195432073, guid: d9f415e75ade4c04db1743f22306cb0a,
    type: 3}
  m_PrefabInstance: {fileID: 640012652544398006}
  m_PrefabAsset: {fileID: 0}
  m_GameObject: {fileID: 0}
  m_Enabled: 1
  m_EditorHideFlags: 0
  m_Script: {fileID: 11500000, guid: 599c33457cd0ebd46b43f3845567455f, type: 3}
  m_Name: 
  m_EditorClassIdentifier: 
--- !u!1001 &2289454465383827193
PrefabInstance:
  m_ObjectHideFlags: 0
  serializedVersion: 2
  m_Modification:
    m_TransformParent: {fileID: 1293063663563069618}
    m_Modifications:
    - target: {fileID: 1666566680528480809, guid: 5fe4a6cf22d51cb4d94e9ce50768f5ad,
        type: 3}
      propertyPath: m_IsActive
      value: 0
      objectReference: {fileID: 0}
    - target: {fileID: 2270260328626993871, guid: 5fe4a6cf22d51cb4d94e9ce50768f5ad,
        type: 3}
      propertyPath: m_LocalPosition.x
      value: 0
      objectReference: {fileID: 0}
    - target: {fileID: 2270260328626993871, guid: 5fe4a6cf22d51cb4d94e9ce50768f5ad,
        type: 3}
      propertyPath: m_LocalPosition.y
      value: 0
      objectReference: {fileID: 0}
    - target: {fileID: 2270260328626993871, guid: 5fe4a6cf22d51cb4d94e9ce50768f5ad,
        type: 3}
      propertyPath: m_LocalPosition.z
      value: 0
      objectReference: {fileID: 0}
    - target: {fileID: 2270260328626993871, guid: 5fe4a6cf22d51cb4d94e9ce50768f5ad,
        type: 3}
      propertyPath: m_LocalRotation.x
      value: -0
      objectReference: {fileID: 0}
    - target: {fileID: 2270260328626993871, guid: 5fe4a6cf22d51cb4d94e9ce50768f5ad,
        type: 3}
      propertyPath: m_LocalRotation.y
      value: -0
      objectReference: {fileID: 0}
    - target: {fileID: 2270260328626993871, guid: 5fe4a6cf22d51cb4d94e9ce50768f5ad,
        type: 3}
      propertyPath: m_LocalRotation.z
      value: -0
      objectReference: {fileID: 0}
    - target: {fileID: 2270260328626993871, guid: 5fe4a6cf22d51cb4d94e9ce50768f5ad,
        type: 3}
      propertyPath: m_LocalRotation.w
      value: 1
      objectReference: {fileID: 0}
    - target: {fileID: 2270260328626993871, guid: 5fe4a6cf22d51cb4d94e9ce50768f5ad,
        type: 3}
      propertyPath: m_RootOrder
      value: 1
      objectReference: {fileID: 0}
    - target: {fileID: 2270260328626993871, guid: 5fe4a6cf22d51cb4d94e9ce50768f5ad,
        type: 3}
      propertyPath: m_LocalEulerAnglesHint.x
      value: 0
      objectReference: {fileID: 0}
    - target: {fileID: 2270260328626993871, guid: 5fe4a6cf22d51cb4d94e9ce50768f5ad,
        type: 3}
      propertyPath: m_LocalEulerAnglesHint.y
      value: 0
      objectReference: {fileID: 0}
    - target: {fileID: 2270260328626993871, guid: 5fe4a6cf22d51cb4d94e9ce50768f5ad,
        type: 3}
      propertyPath: m_LocalEulerAnglesHint.z
      value: 0
      objectReference: {fileID: 0}
    - target: {fileID: 2270260328626993871, guid: 5fe4a6cf22d51cb4d94e9ce50768f5ad,
        type: 3}
      propertyPath: m_AnchoredPosition.x
      value: 0
      objectReference: {fileID: 0}
    - target: {fileID: 2270260328626993871, guid: 5fe4a6cf22d51cb4d94e9ce50768f5ad,
        type: 3}
      propertyPath: m_AnchoredPosition.y
      value: 0
      objectReference: {fileID: 0}
    - target: {fileID: 2270260328626993871, guid: 5fe4a6cf22d51cb4d94e9ce50768f5ad,
        type: 3}
      propertyPath: m_SizeDelta.x
      value: 225
      objectReference: {fileID: 0}
    - target: {fileID: 2270260328626993871, guid: 5fe4a6cf22d51cb4d94e9ce50768f5ad,
        type: 3}
      propertyPath: m_SizeDelta.y
      value: 225
      objectReference: {fileID: 0}
    - target: {fileID: 2270260328626993871, guid: 5fe4a6cf22d51cb4d94e9ce50768f5ad,
        type: 3}
      propertyPath: m_AnchorMin.x
      value: 0.5
      objectReference: {fileID: 0}
    - target: {fileID: 2270260328626993871, guid: 5fe4a6cf22d51cb4d94e9ce50768f5ad,
        type: 3}
      propertyPath: m_AnchorMin.y
      value: 0.5
      objectReference: {fileID: 0}
    - target: {fileID: 2270260328626993871, guid: 5fe4a6cf22d51cb4d94e9ce50768f5ad,
        type: 3}
      propertyPath: m_AnchorMax.x
      value: 0.5
      objectReference: {fileID: 0}
    - target: {fileID: 2270260328626993871, guid: 5fe4a6cf22d51cb4d94e9ce50768f5ad,
        type: 3}
      propertyPath: m_AnchorMax.y
      value: 0.5
      objectReference: {fileID: 0}
    - target: {fileID: 2270260328626993871, guid: 5fe4a6cf22d51cb4d94e9ce50768f5ad,
        type: 3}
      propertyPath: m_Pivot.x
      value: 0.5
      objectReference: {fileID: 0}
    - target: {fileID: 2270260328626993871, guid: 5fe4a6cf22d51cb4d94e9ce50768f5ad,
        type: 3}
      propertyPath: m_Pivot.y
      value: 0.5
      objectReference: {fileID: 0}
    - target: {fileID: 2296075908770338460, guid: 5fe4a6cf22d51cb4d94e9ce50768f5ad,
        type: 3}
      propertyPath: m_Color.a
      value: 0.29803923
      objectReference: {fileID: 0}
    - target: {fileID: 6357703164829000667, guid: 5fe4a6cf22d51cb4d94e9ce50768f5ad,
        type: 3}
      propertyPath: m_Name
      value: view_l
      objectReference: {fileID: 0}
    m_RemovedComponents: []
  m_SourcePrefab: {fileID: 100100000, guid: 5fe4a6cf22d51cb4d94e9ce50768f5ad, type: 3}
--- !u!224 &19231598043708470 stripped
RectTransform:
  m_CorrespondingSourceObject: {fileID: 2270260328626993871, guid: 5fe4a6cf22d51cb4d94e9ce50768f5ad,
    type: 3}
  m_PrefabInstance: {fileID: 2289454465383827193}
  m_PrefabAsset: {fileID: 0}
--- !u!114 &673029267373530043 stripped
MonoBehaviour:
  m_CorrespondingSourceObject: {fileID: 1626593559024966978, guid: 5fe4a6cf22d51cb4d94e9ce50768f5ad,
    type: 3}
  m_PrefabInstance: {fileID: 2289454465383827193}
  m_PrefabAsset: {fileID: 0}
  m_GameObject: {fileID: 0}
  m_Enabled: 1
  m_EditorHideFlags: 0
  m_Script: {fileID: 11500000, guid: fe87c0e1cc204ed48ad3b37840f39efc, type: 3}
  m_Name: 
  m_EditorClassIdentifier: 
--- !u!114 &6194276354378730572 stripped
MonoBehaviour:
  m_CorrespondingSourceObject: {fileID: 5346823007215684277, guid: 5fe4a6cf22d51cb4d94e9ce50768f5ad,
    type: 3}
  m_PrefabInstance: {fileID: 2289454465383827193}
  m_PrefabAsset: {fileID: 0}
  m_GameObject: {fileID: 0}
  m_Enabled: 1
  m_EditorHideFlags: 0
  m_Script: {fileID: 11500000, guid: fe87c0e1cc204ed48ad3b37840f39efc, type: 3}
  m_Name: 
  m_EditorClassIdentifier: 
--- !u!114 &8731169313551413670 stripped
MonoBehaviour:
  m_CorrespondingSourceObject: {fileID: 7417039977280141151, guid: 5fe4a6cf22d51cb4d94e9ce50768f5ad,
    type: 3}
  m_PrefabInstance: {fileID: 2289454465383827193}
  m_PrefabAsset: {fileID: 0}
  m_GameObject: {fileID: 0}
  m_Enabled: 1
  m_EditorHideFlags: 0
  m_Script: {fileID: 11500000, guid: fe87c0e1cc204ed48ad3b37840f39efc, type: 3}
  m_Name: 
  m_EditorClassIdentifier: 
--- !u!1001 &2914894262294718207
PrefabInstance:
  m_ObjectHideFlags: 0
  serializedVersion: 2
  m_Modification:
    m_TransformParent: {fileID: 1293063663563069618}
    m_Modifications:
    - target: {fileID: 1189638435302483016, guid: a24214dd88235b94b965fe986058e70d,
        type: 3}
      propertyPath: m_Name
      value: interactive_zone
      objectReference: {fileID: 0}
    - target: {fileID: 2292146169269878801, guid: a24214dd88235b94b965fe986058e70d,
        type: 3}
      propertyPath: m_Delegates.Array.size
      value: 2
      objectReference: {fileID: 0}
    - target: {fileID: 2292146169269878801, guid: a24214dd88235b94b965fe986058e70d,
        type: 3}
      propertyPath: m_Delegates.Array.data[0].callback.m_PersistentCalls.m_Calls.Array.size
      value: 1
      objectReference: {fileID: 0}
    - target: {fileID: 2292146169269878801, guid: a24214dd88235b94b965fe986058e70d,
        type: 3}
      propertyPath: m_Delegates.Array.data[1].callback.m_PersistentCalls.m_Calls.Array.size
      value: 1
      objectReference: {fileID: 0}
    - target: {fileID: 2292146169269878801, guid: a24214dd88235b94b965fe986058e70d,
        type: 3}
      propertyPath: m_Delegates.Array.data[1].eventID
      value: 1
      objectReference: {fileID: 0}
    - target: {fileID: 2292146169269878801, guid: a24214dd88235b94b965fe986058e70d,
        type: 3}
      propertyPath: m_Delegates.Array.data[0].callback.m_PersistentCalls.m_Calls.Array.data[0].m_Mode
      value: 1
      objectReference: {fileID: 0}
    - target: {fileID: 2292146169269878801, guid: a24214dd88235b94b965fe986058e70d,
        type: 3}
      propertyPath: m_Delegates.Array.data[0].callback.m_PersistentCalls.m_Calls.Array.data[0].m_CallState
      value: 2
      objectReference: {fileID: 0}
    - target: {fileID: 2292146169269878801, guid: a24214dd88235b94b965fe986058e70d,
        type: 3}
      propertyPath: m_Delegates.Array.data[1].callback.m_PersistentCalls.m_Calls.Array.data[0].m_Mode
      value: 1
      objectReference: {fileID: 0}
    - target: {fileID: 2292146169269878801, guid: a24214dd88235b94b965fe986058e70d,
        type: 3}
      propertyPath: m_Delegates.Array.data[1].callback.m_PersistentCalls.m_Calls.Array.data[0].m_CallState
      value: 2
      objectReference: {fileID: 0}
    - target: {fileID: 2292146169269878801, guid: a24214dd88235b94b965fe986058e70d,
        type: 3}
      propertyPath: m_Delegates.Array.data[0].callback.m_PersistentCalls.m_Calls.Array.data[0].m_Target
      value: 
      objectReference: {fileID: 8607686940260206612}
    - target: {fileID: 2292146169269878801, guid: a24214dd88235b94b965fe986058e70d,
        type: 3}
      propertyPath: m_Delegates.Array.data[1].callback.m_PersistentCalls.m_Calls.Array.data[0].m_Target
      value: 
      objectReference: {fileID: 8607686940260206612}
    - target: {fileID: 2292146169269878801, guid: a24214dd88235b94b965fe986058e70d,
        type: 3}
      propertyPath: m_Delegates.Array.data[0].callback.m_PersistentCalls.m_Calls.Array.data[0].m_MethodName
      value: HoverOn
      objectReference: {fileID: 0}
    - target: {fileID: 2292146169269878801, guid: a24214dd88235b94b965fe986058e70d,
        type: 3}
      propertyPath: m_Delegates.Array.data[0].callback.m_PersistentCalls.m_Calls.Array.data[0].m_Arguments.m_ObjectArgumentAssemblyTypeName
      value: UnityEngine.Object, UnityEngine
      objectReference: {fileID: 0}
    - target: {fileID: 2292146169269878801, guid: a24214dd88235b94b965fe986058e70d,
        type: 3}
      propertyPath: m_Delegates.Array.data[1].callback.m_PersistentCalls.m_Calls.Array.data[0].m_MethodName
      value: HoverOff
      objectReference: {fileID: 0}
    - target: {fileID: 2292146169269878801, guid: a24214dd88235b94b965fe986058e70d,
        type: 3}
      propertyPath: m_Delegates.Array.data[1].callback.m_PersistentCalls.m_Calls.Array.data[0].m_Arguments.m_ObjectArgumentAssemblyTypeName
      value: UnityEngine.Object, UnityEngine
      objectReference: {fileID: 0}
    - target: {fileID: 7241049320467676256, guid: a24214dd88235b94b965fe986058e70d,
        type: 3}
      propertyPath: m_LocalPosition.x
      value: 0
      objectReference: {fileID: 0}
    - target: {fileID: 7241049320467676256, guid: a24214dd88235b94b965fe986058e70d,
        type: 3}
      propertyPath: m_LocalPosition.y
      value: 0
      objectReference: {fileID: 0}
    - target: {fileID: 7241049320467676256, guid: a24214dd88235b94b965fe986058e70d,
        type: 3}
      propertyPath: m_LocalPosition.z
      value: 0
      objectReference: {fileID: 0}
    - target: {fileID: 7241049320467676256, guid: a24214dd88235b94b965fe986058e70d,
        type: 3}
      propertyPath: m_LocalRotation.x
      value: 0
      objectReference: {fileID: 0}
    - target: {fileID: 7241049320467676256, guid: a24214dd88235b94b965fe986058e70d,
        type: 3}
      propertyPath: m_LocalRotation.y
      value: 0
      objectReference: {fileID: 0}
    - target: {fileID: 7241049320467676256, guid: a24214dd88235b94b965fe986058e70d,
        type: 3}
      propertyPath: m_LocalRotation.z
      value: 0
      objectReference: {fileID: 0}
    - target: {fileID: 7241049320467676256, guid: a24214dd88235b94b965fe986058e70d,
        type: 3}
      propertyPath: m_LocalRotation.w
      value: 1
      objectReference: {fileID: 0}
    - target: {fileID: 7241049320467676256, guid: a24214dd88235b94b965fe986058e70d,
        type: 3}
      propertyPath: m_RootOrder
      value: 0
      objectReference: {fileID: 0}
    - target: {fileID: 7241049320467676256, guid: a24214dd88235b94b965fe986058e70d,
        type: 3}
      propertyPath: m_LocalEulerAnglesHint.x
      value: 0
      objectReference: {fileID: 0}
    - target: {fileID: 7241049320467676256, guid: a24214dd88235b94b965fe986058e70d,
        type: 3}
      propertyPath: m_LocalEulerAnglesHint.y
      value: 0
      objectReference: {fileID: 0}
    - target: {fileID: 7241049320467676256, guid: a24214dd88235b94b965fe986058e70d,
        type: 3}
      propertyPath: m_LocalEulerAnglesHint.z
      value: 0
      objectReference: {fileID: 0}
    - target: {fileID: 7241049320467676256, guid: a24214dd88235b94b965fe986058e70d,
        type: 3}
      propertyPath: m_AnchoredPosition.x
      value: 0
      objectReference: {fileID: 0}
    - target: {fileID: 7241049320467676256, guid: a24214dd88235b94b965fe986058e70d,
        type: 3}
      propertyPath: m_AnchoredPosition.y
      value: 0
      objectReference: {fileID: 0}
    - target: {fileID: 7241049320467676256, guid: a24214dd88235b94b965fe986058e70d,
        type: 3}
      propertyPath: m_SizeDelta.x
      value: 0
      objectReference: {fileID: 0}
    - target: {fileID: 7241049320467676256, guid: a24214dd88235b94b965fe986058e70d,
        type: 3}
      propertyPath: m_SizeDelta.y
      value: 0
      objectReference: {fileID: 0}
    - target: {fileID: 7241049320467676256, guid: a24214dd88235b94b965fe986058e70d,
        type: 3}
      propertyPath: m_AnchorMin.x
      value: 0
      objectReference: {fileID: 0}
    - target: {fileID: 7241049320467676256, guid: a24214dd88235b94b965fe986058e70d,
        type: 3}
      propertyPath: m_AnchorMin.y
      value: 0
      objectReference: {fileID: 0}
    - target: {fileID: 7241049320467676256, guid: a24214dd88235b94b965fe986058e70d,
        type: 3}
      propertyPath: m_AnchorMax.x
      value: 1
      objectReference: {fileID: 0}
    - target: {fileID: 7241049320467676256, guid: a24214dd88235b94b965fe986058e70d,
        type: 3}
      propertyPath: m_AnchorMax.y
      value: 1
      objectReference: {fileID: 0}
    - target: {fileID: 7241049320467676256, guid: a24214dd88235b94b965fe986058e70d,
        type: 3}
      propertyPath: m_Pivot.x
      value: 0.5
      objectReference: {fileID: 0}
    - target: {fileID: 7241049320467676256, guid: a24214dd88235b94b965fe986058e70d,
        type: 3}
      propertyPath: m_Pivot.y
      value: 0.5
      objectReference: {fileID: 0}
    m_RemovedComponents: []
  m_SourcePrefab: {fileID: 100100000, guid: a24214dd88235b94b965fe986058e70d, type: 3}
--- !u!1 &4103264393712468663 stripped
GameObject:
  m_CorrespondingSourceObject: {fileID: 1189638435302483016, guid: a24214dd88235b94b965fe986058e70d,
    type: 3}
  m_PrefabInstance: {fileID: 2914894262294718207}
  m_PrefabAsset: {fileID: 0}
--- !u!224 &5480483948547644063 stripped
RectTransform:
  m_CorrespondingSourceObject: {fileID: 7241049320467676256, guid: a24214dd88235b94b965fe986058e70d,
    type: 3}
  m_PrefabInstance: {fileID: 2914894262294718207}
  m_PrefabAsset: {fileID: 0}
--- !u!1001 &5384406077529934331
PrefabInstance:
  m_ObjectHideFlags: 0
  serializedVersion: 2
  m_Modification:
    m_TransformParent: {fileID: 1293063663563069618}
    m_Modifications:
    - target: {fileID: 1476872296836631584, guid: d9f415e75ade4c04db1743f22306cb0a,
        type: 3}
      propertyPath: m_Name
      value: tag_l 1
      objectReference: {fileID: 0}
    - target: {fileID: 6036067473058125108, guid: d9f415e75ade4c04db1743f22306cb0a,
        type: 3}
      propertyPath: m_LocalPosition.x
      value: 0
      objectReference: {fileID: 0}
    - target: {fileID: 6036067473058125108, guid: d9f415e75ade4c04db1743f22306cb0a,
        type: 3}
      propertyPath: m_LocalPosition.y
      value: 0
      objectReference: {fileID: 0}
    - target: {fileID: 6036067473058125108, guid: d9f415e75ade4c04db1743f22306cb0a,
        type: 3}
      propertyPath: m_LocalPosition.z
      value: 0
      objectReference: {fileID: 0}
    - target: {fileID: 6036067473058125108, guid: d9f415e75ade4c04db1743f22306cb0a,
        type: 3}
      propertyPath: m_LocalRotation.x
      value: -0
      objectReference: {fileID: 0}
    - target: {fileID: 6036067473058125108, guid: d9f415e75ade4c04db1743f22306cb0a,
        type: 3}
      propertyPath: m_LocalRotation.y
      value: -0
      objectReference: {fileID: 0}
    - target: {fileID: 6036067473058125108, guid: d9f415e75ade4c04db1743f22306cb0a,
        type: 3}
      propertyPath: m_LocalRotation.z
      value: -0
      objectReference: {fileID: 0}
    - target: {fileID: 6036067473058125108, guid: d9f415e75ade4c04db1743f22306cb0a,
        type: 3}
      propertyPath: m_LocalRotation.w
      value: 1
      objectReference: {fileID: 0}
    - target: {fileID: 6036067473058125108, guid: d9f415e75ade4c04db1743f22306cb0a,
        type: 3}
      propertyPath: m_RootOrder
      value: 3
      objectReference: {fileID: 0}
    - target: {fileID: 6036067473058125108, guid: d9f415e75ade4c04db1743f22306cb0a,
        type: 3}
      propertyPath: m_LocalEulerAnglesHint.x
      value: 0
      objectReference: {fileID: 0}
    - target: {fileID: 6036067473058125108, guid: d9f415e75ade4c04db1743f22306cb0a,
        type: 3}
      propertyPath: m_LocalEulerAnglesHint.y
      value: 0
      objectReference: {fileID: 0}
    - target: {fileID: 6036067473058125108, guid: d9f415e75ade4c04db1743f22306cb0a,
        type: 3}
      propertyPath: m_LocalEulerAnglesHint.z
      value: 0
      objectReference: {fileID: 0}
    - target: {fileID: 6036067473058125108, guid: d9f415e75ade4c04db1743f22306cb0a,
        type: 3}
      propertyPath: m_AnchoredPosition.x
      value: -83
      objectReference: {fileID: 0}
    - target: {fileID: 6036067473058125108, guid: d9f415e75ade4c04db1743f22306cb0a,
        type: 3}
      propertyPath: m_AnchoredPosition.y
      value: -75
      objectReference: {fileID: 0}
    - target: {fileID: 6036067473058125108, guid: d9f415e75ade4c04db1743f22306cb0a,
        type: 3}
      propertyPath: m_SizeDelta.x
      value: 80
      objectReference: {fileID: 0}
    - target: {fileID: 6036067473058125108, guid: d9f415e75ade4c04db1743f22306cb0a,
        type: 3}
      propertyPath: m_SizeDelta.y
      value: 45
      objectReference: {fileID: 0}
    - target: {fileID: 6036067473058125108, guid: d9f415e75ade4c04db1743f22306cb0a,
        type: 3}
      propertyPath: m_AnchorMin.x
      value: 0.5
      objectReference: {fileID: 0}
    - target: {fileID: 6036067473058125108, guid: d9f415e75ade4c04db1743f22306cb0a,
        type: 3}
      propertyPath: m_AnchorMin.y
      value: 0.5
      objectReference: {fileID: 0}
    - target: {fileID: 6036067473058125108, guid: d9f415e75ade4c04db1743f22306cb0a,
        type: 3}
      propertyPath: m_AnchorMax.x
      value: 0.5
      objectReference: {fileID: 0}
    - target: {fileID: 6036067473058125108, guid: d9f415e75ade4c04db1743f22306cb0a,
        type: 3}
      propertyPath: m_AnchorMax.y
      value: 0.5
      objectReference: {fileID: 0}
    - target: {fileID: 6036067473058125108, guid: d9f415e75ade4c04db1743f22306cb0a,
        type: 3}
      propertyPath: m_Pivot.x
      value: 0.5
      objectReference: {fileID: 0}
    - target: {fileID: 6036067473058125108, guid: d9f415e75ade4c04db1743f22306cb0a,
        type: 3}
      propertyPath: m_Pivot.y
      value: 0.5
      objectReference: {fileID: 0}
    m_RemovedComponents: []
  m_SourcePrefab: {fileID: 100100000, guid: d9f415e75ade4c04db1743f22306cb0a, type: 3}
--- !u!224 &1836672250876206287 stripped
RectTransform:
  m_CorrespondingSourceObject: {fileID: 6036067473058125108, guid: d9f415e75ade4c04db1743f22306cb0a,
    type: 3}
  m_PrefabInstance: {fileID: 5384406077529934331}
  m_PrefabAsset: {fileID: 0}
--- !u!114 &6510519573881502578 stripped
MonoBehaviour:
  m_CorrespondingSourceObject: {fileID: 1216890826195432073, guid: d9f415e75ade4c04db1743f22306cb0a,
    type: 3}
  m_PrefabInstance: {fileID: 5384406077529934331}
  m_PrefabAsset: {fileID: 0}
  m_GameObject: {fileID: 0}
  m_Enabled: 1
  m_EditorHideFlags: 0
  m_Script: {fileID: 11500000, guid: 599c33457cd0ebd46b43f3845567455f, type: 3}
  m_Name: 
  m_EditorClassIdentifier: 
--- !u!1001 &6203030704041882407
PrefabInstance:
  m_ObjectHideFlags: 0
  serializedVersion: 2
  m_Modification:
    m_TransformParent: {fileID: 1293063663563069618}
    m_Modifications:
    - target: {fileID: 1476872296836631584, guid: d9f415e75ade4c04db1743f22306cb0a,
        type: 3}
      propertyPath: m_Name
      value: tag_l 3
      objectReference: {fileID: 0}
    - target: {fileID: 6036067473058125108, guid: d9f415e75ade4c04db1743f22306cb0a,
        type: 3}
      propertyPath: m_LocalPosition.x
      value: 0
      objectReference: {fileID: 0}
    - target: {fileID: 6036067473058125108, guid: d9f415e75ade4c04db1743f22306cb0a,
        type: 3}
      propertyPath: m_LocalPosition.y
      value: 0
      objectReference: {fileID: 0}
    - target: {fileID: 6036067473058125108, guid: d9f415e75ade4c04db1743f22306cb0a,
        type: 3}
      propertyPath: m_LocalPosition.z
      value: 0
      objectReference: {fileID: 0}
    - target: {fileID: 6036067473058125108, guid: d9f415e75ade4c04db1743f22306cb0a,
        type: 3}
      propertyPath: m_LocalRotation.x
      value: -0
      objectReference: {fileID: 0}
    - target: {fileID: 6036067473058125108, guid: d9f415e75ade4c04db1743f22306cb0a,
        type: 3}
      propertyPath: m_LocalRotation.y
      value: -0
      objectReference: {fileID: 0}
    - target: {fileID: 6036067473058125108, guid: d9f415e75ade4c04db1743f22306cb0a,
        type: 3}
      propertyPath: m_LocalRotation.z
      value: -0
      objectReference: {fileID: 0}
    - target: {fileID: 6036067473058125108, guid: d9f415e75ade4c04db1743f22306cb0a,
        type: 3}
      propertyPath: m_LocalRotation.w
      value: 1
      objectReference: {fileID: 0}
    - target: {fileID: 6036067473058125108, guid: d9f415e75ade4c04db1743f22306cb0a,
        type: 3}
      propertyPath: m_RootOrder
      value: 5
      objectReference: {fileID: 0}
    - target: {fileID: 6036067473058125108, guid: d9f415e75ade4c04db1743f22306cb0a,
        type: 3}
      propertyPath: m_LocalEulerAnglesHint.x
      value: 0
      objectReference: {fileID: 0}
    - target: {fileID: 6036067473058125108, guid: d9f415e75ade4c04db1743f22306cb0a,
        type: 3}
      propertyPath: m_LocalEulerAnglesHint.y
      value: 0
      objectReference: {fileID: 0}
    - target: {fileID: 6036067473058125108, guid: d9f415e75ade4c04db1743f22306cb0a,
        type: 3}
      propertyPath: m_LocalEulerAnglesHint.z
      value: 0
      objectReference: {fileID: 0}
    - target: {fileID: 6036067473058125108, guid: d9f415e75ade4c04db1743f22306cb0a,
        type: 3}
      propertyPath: m_AnchoredPosition.x
      value: 83
      objectReference: {fileID: 0}
    - target: {fileID: 6036067473058125108, guid: d9f415e75ade4c04db1743f22306cb0a,
        type: 3}
      propertyPath: m_AnchoredPosition.y
      value: -75
      objectReference: {fileID: 0}
    - target: {fileID: 6036067473058125108, guid: d9f415e75ade4c04db1743f22306cb0a,
        type: 3}
      propertyPath: m_SizeDelta.x
      value: 80
      objectReference: {fileID: 0}
    - target: {fileID: 6036067473058125108, guid: d9f415e75ade4c04db1743f22306cb0a,
        type: 3}
      propertyPath: m_SizeDelta.y
      value: 45
      objectReference: {fileID: 0}
    - target: {fileID: 6036067473058125108, guid: d9f415e75ade4c04db1743f22306cb0a,
        type: 3}
      propertyPath: m_AnchorMin.x
      value: 0.5
      objectReference: {fileID: 0}
    - target: {fileID: 6036067473058125108, guid: d9f415e75ade4c04db1743f22306cb0a,
        type: 3}
      propertyPath: m_AnchorMin.y
      value: 0.5
      objectReference: {fileID: 0}
    - target: {fileID: 6036067473058125108, guid: d9f415e75ade4c04db1743f22306cb0a,
        type: 3}
      propertyPath: m_AnchorMax.x
      value: 0.5
      objectReference: {fileID: 0}
    - target: {fileID: 6036067473058125108, guid: d9f415e75ade4c04db1743f22306cb0a,
        type: 3}
      propertyPath: m_AnchorMax.y
      value: 0.5
      objectReference: {fileID: 0}
    - target: {fileID: 6036067473058125108, guid: d9f415e75ade4c04db1743f22306cb0a,
        type: 3}
      propertyPath: m_Pivot.x
      value: 0.5
      objectReference: {fileID: 0}
    - target: {fileID: 6036067473058125108, guid: d9f415e75ade4c04db1743f22306cb0a,
        type: 3}
      propertyPath: m_Pivot.y
      value: 0.5
      objectReference: {fileID: 0}
    m_RemovedComponents: []
  m_SourcePrefab: {fileID: 100100000, guid: d9f415e75ade4c04db1743f22306cb0a, type: 3}
--- !u!224 &419394337553163795 stripped
RectTransform:
  m_CorrespondingSourceObject: {fileID: 6036067473058125108, guid: d9f415e75ade4c04db1743f22306cb0a,
    type: 3}
  m_PrefabInstance: {fileID: 6203030704041882407}
  m_PrefabAsset: {fileID: 0}
--- !u!114 &5113507855119319470 stripped
MonoBehaviour:
  m_CorrespondingSourceObject: {fileID: 1216890826195432073, guid: d9f415e75ade4c04db1743f22306cb0a,
    type: 3}
  m_PrefabInstance: {fileID: 6203030704041882407}
  m_PrefabAsset: {fileID: 0}
  m_GameObject: {fileID: 0}
  m_Enabled: 1
  m_EditorHideFlags: 0
  m_Script: {fileID: 11500000, guid: 599c33457cd0ebd46b43f3845567455f, type: 3}
  m_Name: 
  m_EditorClassIdentifier: 
--- !u!1001 &7775042213165133786
PrefabInstance:
  m_ObjectHideFlags: 0
  serializedVersion: 2
  m_Modification:
    m_TransformParent: {fileID: 1293063663563069618}
    m_Modifications:
    - target: {fileID: 2887825645255243818, guid: 66427cddc7e2fd544aa7cfa69ed9eb74,
        type: 3}
      propertyPath: m_LocalPosition.x
      value: 0
      objectReference: {fileID: 0}
    - target: {fileID: 2887825645255243818, guid: 66427cddc7e2fd544aa7cfa69ed9eb74,
        type: 3}
      propertyPath: m_LocalPosition.y
      value: 0
      objectReference: {fileID: 0}
    - target: {fileID: 2887825645255243818, guid: 66427cddc7e2fd544aa7cfa69ed9eb74,
        type: 3}
      propertyPath: m_LocalPosition.z
      value: 0
      objectReference: {fileID: 0}
    - target: {fileID: 2887825645255243818, guid: 66427cddc7e2fd544aa7cfa69ed9eb74,
        type: 3}
      propertyPath: m_LocalRotation.x
      value: -0
      objectReference: {fileID: 0}
    - target: {fileID: 2887825645255243818, guid: 66427cddc7e2fd544aa7cfa69ed9eb74,
        type: 3}
      propertyPath: m_LocalRotation.y
      value: -0
      objectReference: {fileID: 0}
    - target: {fileID: 2887825645255243818, guid: 66427cddc7e2fd544aa7cfa69ed9eb74,
        type: 3}
      propertyPath: m_LocalRotation.z
      value: -0
      objectReference: {fileID: 0}
    - target: {fileID: 2887825645255243818, guid: 66427cddc7e2fd544aa7cfa69ed9eb74,
        type: 3}
      propertyPath: m_LocalRotation.w
      value: 1
      objectReference: {fileID: 0}
    - target: {fileID: 2887825645255243818, guid: 66427cddc7e2fd544aa7cfa69ed9eb74,
        type: 3}
      propertyPath: m_RootOrder
      value: 6
      objectReference: {fileID: 0}
    - target: {fileID: 2887825645255243818, guid: 66427cddc7e2fd544aa7cfa69ed9eb74,
        type: 3}
      propertyPath: m_LocalEulerAnglesHint.x
      value: 0
      objectReference: {fileID: 0}
    - target: {fileID: 2887825645255243818, guid: 66427cddc7e2fd544aa7cfa69ed9eb74,
        type: 3}
      propertyPath: m_LocalEulerAnglesHint.y
      value: 0
      objectReference: {fileID: 0}
    - target: {fileID: 2887825645255243818, guid: 66427cddc7e2fd544aa7cfa69ed9eb74,
        type: 3}
      propertyPath: m_LocalEulerAnglesHint.z
      value: 0
      objectReference: {fileID: 0}
    - target: {fileID: 2887825645255243818, guid: 66427cddc7e2fd544aa7cfa69ed9eb74,
        type: 3}
      propertyPath: m_AnchoredPosition.x
      value: 83
      objectReference: {fileID: 0}
    - target: {fileID: 2887825645255243818, guid: 66427cddc7e2fd544aa7cfa69ed9eb74,
        type: 3}
      propertyPath: m_AnchoredPosition.y
      value: 83
      objectReference: {fileID: 0}
    - target: {fileID: 2887825645255243818, guid: 66427cddc7e2fd544aa7cfa69ed9eb74,
        type: 3}
      propertyPath: m_SizeDelta.x
      value: 78
      objectReference: {fileID: 0}
    - target: {fileID: 2887825645255243818, guid: 66427cddc7e2fd544aa7cfa69ed9eb74,
        type: 3}
      propertyPath: m_SizeDelta.y
      value: 78
      objectReference: {fileID: 0}
    - target: {fileID: 2887825645255243818, guid: 66427cddc7e2fd544aa7cfa69ed9eb74,
        type: 3}
      propertyPath: m_AnchorMin.x
      value: 0.5
      objectReference: {fileID: 0}
    - target: {fileID: 2887825645255243818, guid: 66427cddc7e2fd544aa7cfa69ed9eb74,
        type: 3}
      propertyPath: m_AnchorMin.y
      value: 0.5
      objectReference: {fileID: 0}
    - target: {fileID: 2887825645255243818, guid: 66427cddc7e2fd544aa7cfa69ed9eb74,
        type: 3}
      propertyPath: m_AnchorMax.x
      value: 0.5
      objectReference: {fileID: 0}
    - target: {fileID: 2887825645255243818, guid: 66427cddc7e2fd544aa7cfa69ed9eb74,
        type: 3}
      propertyPath: m_AnchorMax.y
      value: 0.5
      objectReference: {fileID: 0}
    - target: {fileID: 2887825645255243818, guid: 66427cddc7e2fd544aa7cfa69ed9eb74,
        type: 3}
      propertyPath: m_Pivot.x
      value: 0.5
      objectReference: {fileID: 0}
    - target: {fileID: 2887825645255243818, guid: 66427cddc7e2fd544aa7cfa69ed9eb74,
        type: 3}
      propertyPath: m_Pivot.y
      value: 0.5
      objectReference: {fileID: 0}
    - target: {fileID: 8045983074943033662, guid: 66427cddc7e2fd544aa7cfa69ed9eb74,
        type: 3}
      propertyPath: m_Name
      value: star_l
      objectReference: {fileID: 0}
    m_RemovedComponents: []
  m_SourcePrefab: {fileID: 100100000, guid: 66427cddc7e2fd544aa7cfa69ed9eb74, type: 3}
--- !u!224 &4897068304388872176 stripped
RectTransform:
  m_CorrespondingSourceObject: {fileID: 2887825645255243818, guid: 66427cddc7e2fd544aa7cfa69ed9eb74,
    type: 3}
  m_PrefabInstance: {fileID: 7775042213165133786}
  m_PrefabAsset: {fileID: 0}
--- !u!114 &244488330128785250 stripped
MonoBehaviour:
  m_CorrespondingSourceObject: {fileID: 7530835950718554296, guid: 66427cddc7e2fd544aa7cfa69ed9eb74,
    type: 3}
  m_PrefabInstance: {fileID: 7775042213165133786}
  m_PrefabAsset: {fileID: 0}
  m_GameObject: {fileID: 0}
  m_Enabled: 1
  m_EditorHideFlags: 0
  m_Script: {fileID: 11500000, guid: baef4d30c6a1d844daa677f5019796b0, type: 3}
  m_Name: 
  m_EditorClassIdentifier: 
--- !u!1001 &8558964983260411478
PrefabInstance:
  m_ObjectHideFlags: 0
  serializedVersion: 2
  m_Modification:
    m_TransformParent: {fileID: 1293063663563069618}
    m_Modifications:
    - target: {fileID: 6176481156576157992, guid: 768c08e1d0a27e947b9e7258cdfca13a,
        type: 3}
      propertyPath: m_VerticalAlignment
      value: 256
      objectReference: {fileID: 0}
    - target: {fileID: 6176481156576157992, guid: 768c08e1d0a27e947b9e7258cdfca13a,
        type: 3}
      propertyPath: m_fontColor32.rgba
      value: 4278190080
      objectReference: {fileID: 0}
    - target: {fileID: 6176481156576157992, guid: 768c08e1d0a27e947b9e7258cdfca13a,
        type: 3}
      propertyPath: m_fontColor.r
      value: 0
      objectReference: {fileID: 0}
    - target: {fileID: 6176481156576157992, guid: 768c08e1d0a27e947b9e7258cdfca13a,
        type: 3}
      propertyPath: m_fontColor.g
      value: 0
      objectReference: {fileID: 0}
    - target: {fileID: 6176481156576157992, guid: 768c08e1d0a27e947b9e7258cdfca13a,
        type: 3}
      propertyPath: m_fontColor.b
      value: 0
      objectReference: {fileID: 0}
    - target: {fileID: 6176481156576157994, guid: 768c08e1d0a27e947b9e7258cdfca13a,
        type: 3}
      propertyPath: m_Name
      value: vertical_s
      objectReference: {fileID: 0}
    - target: {fileID: 6176481156576157994, guid: 768c08e1d0a27e947b9e7258cdfca13a,
        type: 3}
      propertyPath: m_IsActive
      value: 0
      objectReference: {fileID: 0}
    - target: {fileID: 6176481156576157995, guid: 768c08e1d0a27e947b9e7258cdfca13a,
        type: 3}
      propertyPath: m_LocalPosition.x
      value: 0
      objectReference: {fileID: 0}
    - target: {fileID: 6176481156576157995, guid: 768c08e1d0a27e947b9e7258cdfca13a,
        type: 3}
      propertyPath: m_LocalPosition.y
      value: 0
      objectReference: {fileID: 0}
    - target: {fileID: 6176481156576157995, guid: 768c08e1d0a27e947b9e7258cdfca13a,
        type: 3}
      propertyPath: m_LocalPosition.z
      value: 0
      objectReference: {fileID: 0}
    - target: {fileID: 6176481156576157995, guid: 768c08e1d0a27e947b9e7258cdfca13a,
        type: 3}
      propertyPath: m_LocalRotation.x
      value: 0
      objectReference: {fileID: 0}
    - target: {fileID: 6176481156576157995, guid: 768c08e1d0a27e947b9e7258cdfca13a,
        type: 3}
      propertyPath: m_LocalRotation.y
      value: 0
      objectReference: {fileID: 0}
    - target: {fileID: 6176481156576157995, guid: 768c08e1d0a27e947b9e7258cdfca13a,
        type: 3}
      propertyPath: m_LocalRotation.z
      value: 0
      objectReference: {fileID: 0}
    - target: {fileID: 6176481156576157995, guid: 768c08e1d0a27e947b9e7258cdfca13a,
        type: 3}
      propertyPath: m_LocalRotation.w
      value: 1
      objectReference: {fileID: 0}
    - target: {fileID: 6176481156576157995, guid: 768c08e1d0a27e947b9e7258cdfca13a,
        type: 3}
      propertyPath: m_RootOrder
      value: 2
      objectReference: {fileID: 0}
    - target: {fileID: 6176481156576157995, guid: 768c08e1d0a27e947b9e7258cdfca13a,
        type: 3}
      propertyPath: m_LocalEulerAnglesHint.x
      value: 0
      objectReference: {fileID: 0}
    - target: {fileID: 6176481156576157995, guid: 768c08e1d0a27e947b9e7258cdfca13a,
        type: 3}
      propertyPath: m_LocalEulerAnglesHint.y
      value: 0
      objectReference: {fileID: 0}
    - target: {fileID: 6176481156576157995, guid: 768c08e1d0a27e947b9e7258cdfca13a,
        type: 3}
      propertyPath: m_LocalEulerAnglesHint.z
      value: 0
      objectReference: {fileID: 0}
    - target: {fileID: 6176481156576157995, guid: 768c08e1d0a27e947b9e7258cdfca13a,
        type: 3}
      propertyPath: m_AnchoredPosition.x
      value: -83
      objectReference: {fileID: 0}
    - target: {fileID: 6176481156576157995, guid: 768c08e1d0a27e947b9e7258cdfca13a,
        type: 3}
      propertyPath: m_AnchoredPosition.y
      value: 0
      objectReference: {fileID: 0}
    - target: {fileID: 6176481156576157995, guid: 768c08e1d0a27e947b9e7258cdfca13a,
        type: 3}
      propertyPath: m_SizeDelta.x
      value: 30
      objectReference: {fileID: 0}
    - target: {fileID: 6176481156576157995, guid: 768c08e1d0a27e947b9e7258cdfca13a,
        type: 3}
      propertyPath: m_SizeDelta.y
      value: 90
      objectReference: {fileID: 0}
    - target: {fileID: 6176481156576157995, guid: 768c08e1d0a27e947b9e7258cdfca13a,
        type: 3}
      propertyPath: m_AnchorMin.x
      value: 0.5
      objectReference: {fileID: 0}
    - target: {fileID: 6176481156576157995, guid: 768c08e1d0a27e947b9e7258cdfca13a,
        type: 3}
      propertyPath: m_AnchorMin.y
      value: 0.5
      objectReference: {fileID: 0}
    - target: {fileID: 6176481156576157995, guid: 768c08e1d0a27e947b9e7258cdfca13a,
        type: 3}
      propertyPath: m_AnchorMax.x
      value: 0.5
      objectReference: {fileID: 0}
    - target: {fileID: 6176481156576157995, guid: 768c08e1d0a27e947b9e7258cdfca13a,
        type: 3}
      propertyPath: m_AnchorMax.y
      value: 0.5
      objectReference: {fileID: 0}
    - target: {fileID: 6176481156576157995, guid: 768c08e1d0a27e947b9e7258cdfca13a,
        type: 3}
      propertyPath: m_Pivot.x
      value: 0.5
      objectReference: {fileID: 0}
    - target: {fileID: 6176481156576157995, guid: 768c08e1d0a27e947b9e7258cdfca13a,
        type: 3}
      propertyPath: m_Pivot.y
      value: 0.5
      objectReference: {fileID: 0}
    m_RemovedComponents: []
  m_SourcePrefab: {fileID: 100100000, guid: 768c08e1d0a27e947b9e7258cdfca13a, type: 3}
--- !u!224 &2553762734183536509 stripped
RectTransform:
  m_CorrespondingSourceObject: {fileID: 6176481156576157995, guid: 768c08e1d0a27e947b9e7258cdfca13a,
    type: 3}
  m_PrefabInstance: {fileID: 8558964983260411478}
  m_PrefabAsset: {fileID: 0}
--- !u!114 &778516156678719575 stripped
MonoBehaviour:
  m_CorrespondingSourceObject: {fileID: 8938050005500083713, guid: 768c08e1d0a27e947b9e7258cdfca13a,
    type: 3}
  m_PrefabInstance: {fileID: 8558964983260411478}
  m_PrefabAsset: {fileID: 0}
  m_GameObject: {fileID: 0}
  m_Enabled: 1
  m_EditorHideFlags: 0
  m_Script: {fileID: 11500000, guid: 366e5fcf4374db04ca4e6b17b07f10b7, type: 3}
  m_Name: 
  m_EditorClassIdentifier: 
