%YAML 1.1
%TAG !u! tag:unity3d.com,2011:
--- !u!1 &1476872296836631584
GameObject:
  m_ObjectHideFlags: 0
  m_CorrespondingSourceObject: {fileID: 0}
  m_PrefabInstance: {fileID: 0}
  m_PrefabAsset: {fileID: 0}
  serializedVersion: 6
  m_Component:
  - component: {fileID: 6036067473058125108}
  - component: {fileID: 1216890826195432073}
  m_Layer: 5
  m_Name: tag_l
  m_TagString: Untagged
  m_Icon: {fileID: 0}
  m_NavMeshLayer: 0
  m_StaticEditorFlags: 0
  m_IsActive: 1
--- !u!224 &6036067473058125108
RectTransform:
  m_ObjectHideFlags: 0
  m_CorrespondingSourceObject: {fileID: 0}
  m_PrefabInstance: {fileID: 0}
  m_PrefabAsset: {fileID: 0}
  m_GameObject: {fileID: 1476872296836631584}
  m_LocalRotation: {x: -0, y: -0, z: -0, w: 1}
  m_LocalPosition: {x: 0, y: 0, z: 0}
  m_LocalScale: {x: 1, y: 1, z: 1}
  m_Children:
  - {fileID: 5350176143890216177}
  - {fileID: 7807418845018571528}
  m_Father: {fileID: 0}
  m_RootOrder: 0
  m_LocalEulerAnglesHint: {x: 0, y: 0, z: 0}
  m_AnchorMin: {x: 0.5, y: 0.5}
  m_AnchorMax: {x: 0.5, y: 0.5}
  m_AnchoredPosition: {x: 0, y: 0}
  m_SizeDelta: {x: 80, y: 45}
  m_Pivot: {x: 0.5, y: 0.5}
--- !u!114 &1216890826195432073
MonoBehaviour:
  m_ObjectHideFlags: 0
  m_CorrespondingSourceObject: {fileID: 0}
  m_PrefabInstance: {fileID: 0}
  m_PrefabAsset: {fileID: 0}
  m_GameObject: {fileID: 1476872296836631584}
  m_Enabled: 1
  m_EditorHideFlags: 0
  m_Script: {fileID: 11500000, guid: 599c33457cd0ebd46b43f3845567455f, type: 3}
  m_Name: 
  m_EditorClassIdentifier: 
  str: {fileID: 5036317332018486306}
  frame: {fileID: 3074657069911316644}
  loc_cn_keywords: {fileID: 11400000, guid: f929a2207241e034b8710cdea8d46633, type: 2}
  sprite_keyword_tags: {fileID: 11400000, guid: 3949b3f9ba88c9f4fba56e1056ebd366,
    type: 2}
--- !u!1 &2999601182709264342
GameObject:
  m_ObjectHideFlags: 0
  m_CorrespondingSourceObject: {fileID: 0}
  m_PrefabInstance: {fileID: 0}
  m_PrefabAsset: {fileID: 0}
  serializedVersion: 6
  m_Component:
  - component: {fileID: 5350176143890216177}
  - component: {fileID: 4284573074443959817}
  - component: {fileID: 3074657069911316644}
  m_Layer: 5
  m_Name: sprite
  m_TagString: Untagged
  m_Icon: {fileID: 0}
  m_NavMeshLayer: 0
  m_StaticEditorFlags: 0
  m_IsActive: 1
--- !u!224 &5350176143890216177
RectTransform:
  m_ObjectHideFlags: 0
  m_CorrespondingSourceObject: {fileID: 0}
  m_PrefabInstance: {fileID: 0}
  m_PrefabAsset: {fileID: 0}
  m_GameObject: {fileID: 2999601182709264342}
  m_LocalRotation: {x: 0, y: 0, z: 0, w: 1}
  m_LocalPosition: {x: 0, y: 0, z: 0}
  m_LocalScale: {x: 1, y: 1, z: 1}
  m_Children: []
  m_Father: {fileID: 6036067473058125108}
  m_RootOrder: 0
  m_LocalEulerAnglesHint: {x: 0, y: 0, z: 0}
  m_AnchorMin: {x: 0, y: 0}
  m_AnchorMax: {x: 1, y: 1}
  m_AnchoredPosition: {x: 0, y: 0}
  m_SizeDelta: {x: 0, y: 0}
  m_Pivot: {x: 0.5, y: 0.5}
--- !u!222 &4284573074443959817
CanvasRenderer:
  m_ObjectHideFlags: 0
  m_CorrespondingSourceObject: {fileID: 0}
  m_PrefabInstance: {fileID: 0}
  m_PrefabAsset: {fileID: 0}
  m_GameObject: {fileID: 2999601182709264342}
  m_CullTransparentMesh: 0
--- !u!114 &3074657069911316644
MonoBehaviour:
  m_ObjectHideFlags: 0
  m_CorrespondingSourceObject: {fileID: 0}
  m_PrefabInstance: {fileID: 0}
  m_PrefabAsset: {fileID: 0}
  m_GameObject: {fileID: 2999601182709264342}
  m_Enabled: 1
  m_EditorHideFlags: 0
  m_Script: {fileID: 11500000, guid: fe87c0e1cc204ed48ad3b37840f39efc, type: 3}
  m_Name: 
  m_EditorClassIdentifier: 
  m_Material: {fileID: 0}
  m_Color: {r: 1, g: 1, b: 1, a: 1}
  m_RaycastTarget: 0
  m_Maskable: 1
  m_OnCullStateChanged:
    m_PersistentCalls:
      m_Calls: []
  m_Sprite: {fileID: -947059815077647773, guid: 03ae290c95f48994e940e94b71a55a02,
    type: 3}
  m_Type: 0
  m_PreserveAspect: 0
  m_FillCenter: 1
  m_FillMethod: 4
  m_FillAmount: 1
  m_FillClockwise: 1
  m_FillOrigin: 0
  m_UseSpriteMesh: 0
  m_PixelsPerUnitMultiplier: 1
--- !u!1001 &4312579739472894011
PrefabInstance:
  m_ObjectHideFlags: 0
  serializedVersion: 2
  m_Modification:
    m_TransformParent: {fileID: 6036067473058125108}
    m_Modifications:
    - target: {fileID: 6305279713964894237, guid: eeb25d01c648bcb41900fa7b5166f942,
        type: 3}
      propertyPath: m_RootOrder
      value: 0
      objectReference: {fileID: 0}
    - target: {fileID: 6305279715080002352, guid: eeb25d01c648bcb41900fa7b5166f942,
        type: 3}
      propertyPath: m_text
      value: "\u6807\u7B7E"
      objectReference: {fileID: 0}
    - target: {fileID: 6305279715080002352, guid: eeb25d01c648bcb41900fa7b5166f942,
        type: 3}
      propertyPath: m_HorizontalAlignment
      value: 2
      objectReference: {fileID: 0}
    - target: {fileID: 6305279715080002354, guid: eeb25d01c648bcb41900fa7b5166f942,
        type: 3}
      propertyPath: m_Name
      value: desc_l
      objectReference: {fileID: 0}
    - target: {fileID: 6305279715080002355, guid: eeb25d01c648bcb41900fa7b5166f942,
        type: 3}
      propertyPath: m_LocalPosition.x
      value: 0
      objectReference: {fileID: 0}
    - target: {fileID: 6305279715080002355, guid: eeb25d01c648bcb41900fa7b5166f942,
        type: 3}
      propertyPath: m_LocalPosition.y
      value: 0
      objectReference: {fileID: 0}
    - target: {fileID: 6305279715080002355, guid: eeb25d01c648bcb41900fa7b5166f942,
        type: 3}
      propertyPath: m_LocalPosition.z
      value: 0
      objectReference: {fileID: 0}
    - target: {fileID: 6305279715080002355, guid: eeb25d01c648bcb41900fa7b5166f942,
        type: 3}
      propertyPath: m_LocalRotation.x
      value: 0
      objectReference: {fileID: 0}
    - target: {fileID: 6305279715080002355, guid: eeb25d01c648bcb41900fa7b5166f942,
        type: 3}
      propertyPath: m_LocalRotation.y
      value: 0
      objectReference: {fileID: 0}
    - target: {fileID: 6305279715080002355, guid: eeb25d01c648bcb41900fa7b5166f942,
        type: 3}
      propertyPath: m_LocalRotation.z
      value: 0
      objectReference: {fileID: 0}
    - target: {fileID: 6305279715080002355, guid: eeb25d01c648bcb41900fa7b5166f942,
        type: 3}
      propertyPath: m_LocalRotation.w
      value: 1
      objectReference: {fileID: 0}
    - target: {fileID: 6305279715080002355, guid: eeb25d01c648bcb41900fa7b5166f942,
        type: 3}
      propertyPath: m_RootOrder
      value: 1
      objectReference: {fileID: 0}
    - target: {fileID: 6305279715080002355, guid: eeb25d01c648bcb41900fa7b5166f942,
        type: 3}
      propertyPath: m_LocalEulerAnglesHint.x
      value: 0
      objectReference: {fileID: 0}
    - target: {fileID: 6305279715080002355, guid: eeb25d01c648bcb41900fa7b5166f942,
        type: 3}
      propertyPath: m_LocalEulerAnglesHint.y
      value: 0
      objectReference: {fileID: 0}
    - target: {fileID: 6305279715080002355, guid: eeb25d01c648bcb41900fa7b5166f942,
        type: 3}
      propertyPath: m_LocalEulerAnglesHint.z
      value: 0
      objectReference: {fileID: 0}
    - target: {fileID: 6305279715080002355, guid: eeb25d01c648bcb41900fa7b5166f942,
        type: 3}
      propertyPath: m_AnchoredPosition.x
      value: 0
      objectReference: {fileID: 0}
    - target: {fileID: 6305279715080002355, guid: eeb25d01c648bcb41900fa7b5166f942,
        type: 3}
      propertyPath: m_AnchoredPosition.y
      value: 0
      objectReference: {fileID: 0}
    - target: {fileID: 6305279715080002355, guid: eeb25d01c648bcb41900fa7b5166f942,
        type: 3}
      propertyPath: m_SizeDelta.x
      value: 80
      objectReference: {fileID: 0}
    - target: {fileID: 6305279715080002355, guid: eeb25d01c648bcb41900fa7b5166f942,
        type: 3}
      propertyPath: m_SizeDelta.y
      value: 40
      objectReference: {fileID: 0}
    - target: {fileID: 6305279715080002355, guid: eeb25d01c648bcb41900fa7b5166f942,
        type: 3}
      propertyPath: m_AnchorMin.x
      value: 0.5
      objectReference: {fileID: 0}
    - target: {fileID: 6305279715080002355, guid: eeb25d01c648bcb41900fa7b5166f942,
        type: 3}
      propertyPath: m_AnchorMin.y
      value: 0.5
      objectReference: {fileID: 0}
    - target: {fileID: 6305279715080002355, guid: eeb25d01c648bcb41900fa7b5166f942,
        type: 3}
      propertyPath: m_AnchorMax.x
      value: 0.5
      objectReference: {fileID: 0}
    - target: {fileID: 6305279715080002355, guid: eeb25d01c648bcb41900fa7b5166f942,
        type: 3}
      propertyPath: m_AnchorMax.y
      value: 0.5
      objectReference: {fileID: 0}
    - target: {fileID: 6305279715080002355, guid: eeb25d01c648bcb41900fa7b5166f942,
        type: 3}
      propertyPath: m_Pivot.x
      value: 0.5
      objectReference: {fileID: 0}
    - target: {fileID: 6305279715080002355, guid: eeb25d01c648bcb41900fa7b5166f942,
        type: 3}
      propertyPath: m_Pivot.y
      value: 0.5
      objectReference: {fileID: 0}
    m_RemovedComponents: []
  m_SourcePrefab: {fileID: 100100000, guid: eeb25d01c648bcb41900fa7b5166f942, type: 3}
--- !u!224 &7807418845018571528 stripped
RectTransform:
  m_CorrespondingSourceObject: {fileID: 6305279715080002355, guid: eeb25d01c648bcb41900fa7b5166f942,
    type: 3}
  m_PrefabInstance: {fileID: 4312579739472894011}
  m_PrefabAsset: {fileID: 0}
--- !u!114 &5036317332018486306 stripped
MonoBehaviour:
  m_CorrespondingSourceObject: {fileID: 9096650583775822873, guid: eeb25d01c648bcb41900fa7b5166f942,
    type: 3}
  m_PrefabInstance: {fileID: 4312579739472894011}
  m_PrefabAsset: {fileID: 0}
  m_GameObject: {fileID: 0}
  m_Enabled: 1
  m_EditorHideFlags: 0
  m_Script: {fileID: 11500000, guid: 366e5fcf4374db04ca4e6b17b07f10b7, type: 3}
  m_Name: 
  m_EditorClassIdentifier: 
