%YAML 1.1
%TAG !u! tag:unity3d.com,2011:
--- !u!1 &333707986055668605
GameObject:
  m_ObjectHideFlags: 0
  m_CorrespondingSourceObject: {fileID: 0}
  m_PrefabInstance: {fileID: 0}
  m_PrefabAsset: {fileID: 0}
  serializedVersion: 6
  m_Component:
  - component: {fileID: 5968664822707253193}
  - component: {fileID: 1479785539771665510}
  - component: {fileID: 5637689947254305282}
  m_Layer: 5
  m_Name: btn_sqaure_s
  m_TagString: Untagged
  m_Icon: {fileID: 0}
  m_NavMeshLayer: 0
  m_StaticEditorFlags: 0
  m_IsActive: 1
--- !u!224 &5968664822707253193
RectTransform:
  m_ObjectHideFlags: 0
  m_CorrespondingSourceObject: {fileID: 0}
  m_PrefabInstance: {fileID: 0}
  m_PrefabAsset: {fileID: 0}
  m_GameObject: {fileID: 333707986055668605}
  m_LocalRotation: {x: 0, y: 0, z: 0, w: 1}
  m_LocalPosition: {x: 0, y: 0, z: 0}
  m_LocalScale: {x: 1, y: 1, z: 1}
  m_Children:
  - {fileID: 2532016321755620540}
  - {fileID: 964691204443504669}
  - {fileID: 8519374594959254561}
  - {fileID: 5759293807262708338}
  m_Father: {fileID: 0}
  m_RootOrder: 0
  m_LocalEulerAnglesHint: {x: 0, y: 0, z: 0}
  m_AnchorMin: {x: 0.5, y: 0.5}
  m_AnchorMax: {x: 0.5, y: 0.5}
  m_AnchoredPosition: {x: 0, y: 0}
  m_SizeDelta: {x: 90, y: 90}
  m_Pivot: {x: 0.5, y: 0.5}
--- !u!222 &1479785539771665510
CanvasRenderer:
  m_ObjectHideFlags: 0
  m_CorrespondingSourceObject: {fileID: 0}
  m_PrefabInstance: {fileID: 0}
  m_PrefabAsset: {fileID: 0}
  m_GameObject: {fileID: 333707986055668605}
  m_CullTransparentMesh: 0
--- !u!114 &5637689947254305282
MonoBehaviour:
  m_ObjectHideFlags: 0
  m_CorrespondingSourceObject: {fileID: 0}
  m_PrefabInstance: {fileID: 0}
  m_PrefabAsset: {fileID: 0}
  m_GameObject: {fileID: 333707986055668605}
  m_Enabled: 1
  m_EditorHideFlags: 0
  m_Script: {fileID: 11500000, guid: a989fd0832f38ff4d8781f2c097474f2, type: 3}
  m_Name: 
  m_EditorClassIdentifier: 
  interactiveZone: {fileID: 6331121309177101460}
  frame: {fileID: 5925259184714973629}
  mask: {fileID: 1919928226724346075}
  minorStr: {fileID: 0}
  majorStr: {fileID: 7605370804089129907}
--- !u!1 &7216957220426549966
GameObject:
  m_ObjectHideFlags: 0
  m_CorrespondingSourceObject: {fileID: 0}
  m_PrefabInstance: {fileID: 0}
  m_PrefabAsset: {fileID: 0}
  serializedVersion: 6
  m_Component:
  - component: {fileID: 964691204443504669}
  - component: {fileID: 2633421413466949037}
  - component: {fileID: 5925259184714973629}
  - component: {fileID: 4706588169063607152}
  m_Layer: 5
  m_Name: sprite
  m_TagString: Untagged
  m_Icon: {fileID: 0}
  m_NavMeshLayer: 0
  m_StaticEditorFlags: 0
  m_IsActive: 1
--- !u!224 &964691204443504669
RectTransform:
  m_ObjectHideFlags: 0
  m_CorrespondingSourceObject: {fileID: 0}
  m_PrefabInstance: {fileID: 0}
  m_PrefabAsset: {fileID: 0}
  m_GameObject: {fileID: 7216957220426549966}
  m_LocalRotation: {x: 0, y: 0, z: 0, w: 1}
  m_LocalPosition: {x: 0, y: 0, z: 0}
  m_LocalScale: {x: 1, y: 1, z: 1}
  m_Children: []
  m_Father: {fileID: 5968664822707253193}
  m_RootOrder: 1
  m_LocalEulerAnglesHint: {x: 0, y: 0, z: 0}
  m_AnchorMin: {x: 0, y: 0}
  m_AnchorMax: {x: 1, y: 1}
  m_AnchoredPosition: {x: 0, y: 0}
  m_SizeDelta: {x: 0, y: 0}
  m_Pivot: {x: 0.5, y: 0.5}
--- !u!222 &2633421413466949037
CanvasRenderer:
  m_ObjectHideFlags: 0
  m_CorrespondingSourceObject: {fileID: 0}
  m_PrefabInstance: {fileID: 0}
  m_PrefabAsset: {fileID: 0}
  m_GameObject: {fileID: 7216957220426549966}
  m_CullTransparentMesh: 0
--- !u!114 &5925259184714973629
MonoBehaviour:
  m_ObjectHideFlags: 0
  m_CorrespondingSourceObject: {fileID: 0}
  m_PrefabInstance: {fileID: 0}
  m_PrefabAsset: {fileID: 0}
  m_GameObject: {fileID: 7216957220426549966}
  m_Enabled: 1
  m_EditorHideFlags: 0
  m_Script: {fileID: 11500000, guid: fe87c0e1cc204ed48ad3b37840f39efc, type: 3}
  m_Name: 
  m_EditorClassIdentifier: 
  m_Material: {fileID: 0}
  m_Color: {r: 1, g: 1, b: 1, a: 1}
  m_RaycastTarget: 0
  m_Maskable: 1
  m_OnCullStateChanged:
    m_PersistentCalls:
      m_Calls: []
  m_Sprite: {fileID: 4383327180236805934, guid: 76fc86b3b2925c84fbc2fc489de9cb6a,
    type: 3}
  m_Type: 0
  m_PreserveAspect: 0
  m_FillCenter: 1
  m_FillMethod: 4
  m_FillAmount: 1
  m_FillClockwise: 1
  m_FillOrigin: 0
  m_UseSpriteMesh: 0
  m_PixelsPerUnitMultiplier: 1
--- !u!114 &4706588169063607152
MonoBehaviour:
  m_ObjectHideFlags: 0
  m_CorrespondingSourceObject: {fileID: 0}
  m_PrefabInstance: {fileID: 0}
  m_PrefabAsset: {fileID: 0}
  m_GameObject: {fileID: 7216957220426549966}
  m_Enabled: 1
  m_EditorHideFlags: 0
  m_Script: {fileID: 11500000, guid: cfabb0440166ab443bba8876756fdfa9, type: 3}
  m_Name: 
  m_EditorClassIdentifier: 
  m_EffectColor: {r: 0, g: 0, b: 0, a: 0.5019608}
  m_EffectDistance: {x: 3, y: -3}
  m_UseGraphicAlpha: 0
--- !u!1001 &1317225858528155713
PrefabInstance:
  m_ObjectHideFlags: 0
  serializedVersion: 2
  m_Modification:
    m_TransformParent: {fileID: 5968664822707253193}
    m_Modifications:
    - target: {fileID: 640440770052087962, guid: 74767253c64387947bd4e8ea84424121,
        type: 3}
      propertyPath: m_Sprite
      value: 
      objectReference: {fileID: 1802171681313442656, guid: f224a4dda8d36c448b247913d3528994,
        type: 3}
    - target: {fileID: 1189638435302483016, guid: 74767253c64387947bd4e8ea84424121,
        type: 3}
      propertyPath: m_Name
      value: mask
      objectReference: {fileID: 0}
    - target: {fileID: 7241049320467676256, guid: 74767253c64387947bd4e8ea84424121,
        type: 3}
      propertyPath: m_LocalPosition.x
      value: 0
      objectReference: {fileID: 0}
    - target: {fileID: 7241049320467676256, guid: 74767253c64387947bd4e8ea84424121,
        type: 3}
      propertyPath: m_LocalPosition.y
      value: 0
      objectReference: {fileID: 0}
    - target: {fileID: 7241049320467676256, guid: 74767253c64387947bd4e8ea84424121,
        type: 3}
      propertyPath: m_LocalPosition.z
      value: 0
      objectReference: {fileID: 0}
    - target: {fileID: 7241049320467676256, guid: 74767253c64387947bd4e8ea84424121,
        type: 3}
      propertyPath: m_LocalRotation.x
      value: 0
      objectReference: {fileID: 0}
    - target: {fileID: 7241049320467676256, guid: 74767253c64387947bd4e8ea84424121,
        type: 3}
      propertyPath: m_LocalRotation.y
      value: 0
      objectReference: {fileID: 0}
    - target: {fileID: 7241049320467676256, guid: 74767253c64387947bd4e8ea84424121,
        type: 3}
      propertyPath: m_LocalRotation.z
      value: 0
      objectReference: {fileID: 0}
    - target: {fileID: 7241049320467676256, guid: 74767253c64387947bd4e8ea84424121,
        type: 3}
      propertyPath: m_LocalRotation.w
      value: 1
      objectReference: {fileID: 0}
    - target: {fileID: 7241049320467676256, guid: 74767253c64387947bd4e8ea84424121,
        type: 3}
      propertyPath: m_RootOrder
      value: 2
      objectReference: {fileID: 0}
    - target: {fileID: 7241049320467676256, guid: 74767253c64387947bd4e8ea84424121,
        type: 3}
      propertyPath: m_LocalEulerAnglesHint.x
      value: 0
      objectReference: {fileID: 0}
    - target: {fileID: 7241049320467676256, guid: 74767253c64387947bd4e8ea84424121,
        type: 3}
      propertyPath: m_LocalEulerAnglesHint.y
      value: 0
      objectReference: {fileID: 0}
    - target: {fileID: 7241049320467676256, guid: 74767253c64387947bd4e8ea84424121,
        type: 3}
      propertyPath: m_LocalEulerAnglesHint.z
      value: 0
      objectReference: {fileID: 0}
    - target: {fileID: 7241049320467676256, guid: 74767253c64387947bd4e8ea84424121,
        type: 3}
      propertyPath: m_AnchoredPosition.x
      value: 0
      objectReference: {fileID: 0}
    - target: {fileID: 7241049320467676256, guid: 74767253c64387947bd4e8ea84424121,
        type: 3}
      propertyPath: m_AnchoredPosition.y
      value: 0
      objectReference: {fileID: 0}
    - target: {fileID: 7241049320467676256, guid: 74767253c64387947bd4e8ea84424121,
        type: 3}
      propertyPath: m_SizeDelta.x
      value: 0
      objectReference: {fileID: 0}
    - target: {fileID: 7241049320467676256, guid: 74767253c64387947bd4e8ea84424121,
        type: 3}
      propertyPath: m_SizeDelta.y
      value: 0
      objectReference: {fileID: 0}
    - target: {fileID: 7241049320467676256, guid: 74767253c64387947bd4e8ea84424121,
        type: 3}
      propertyPath: m_AnchorMin.x
      value: 0
      objectReference: {fileID: 0}
    - target: {fileID: 7241049320467676256, guid: 74767253c64387947bd4e8ea84424121,
        type: 3}
      propertyPath: m_AnchorMin.y
      value: 0
      objectReference: {fileID: 0}
    - target: {fileID: 7241049320467676256, guid: 74767253c64387947bd4e8ea84424121,
        type: 3}
      propertyPath: m_AnchorMax.x
      value: 1
      objectReference: {fileID: 0}
    - target: {fileID: 7241049320467676256, guid: 74767253c64387947bd4e8ea84424121,
        type: 3}
      propertyPath: m_AnchorMax.y
      value: 1
      objectReference: {fileID: 0}
    - target: {fileID: 7241049320467676256, guid: 74767253c64387947bd4e8ea84424121,
        type: 3}
      propertyPath: m_Pivot.x
      value: 0.5
      objectReference: {fileID: 0}
    - target: {fileID: 7241049320467676256, guid: 74767253c64387947bd4e8ea84424121,
        type: 3}
      propertyPath: m_Pivot.y
      value: 0.5
      objectReference: {fileID: 0}
    m_RemovedComponents: []
  m_SourcePrefab: {fileID: 100100000, guid: 74767253c64387947bd4e8ea84424121, type: 3}
--- !u!224 &8519374594959254561 stripped
RectTransform:
  m_CorrespondingSourceObject: {fileID: 7241049320467676256, guid: 74767253c64387947bd4e8ea84424121,
    type: 3}
  m_PrefabInstance: {fileID: 1317225858528155713}
  m_PrefabAsset: {fileID: 0}
--- !u!114 &1919928226724346075 stripped
MonoBehaviour:
  m_CorrespondingSourceObject: {fileID: 640440770052087962, guid: 74767253c64387947bd4e8ea84424121,
    type: 3}
  m_PrefabInstance: {fileID: 1317225858528155713}
  m_PrefabAsset: {fileID: 0}
  m_GameObject: {fileID: 0}
  m_Enabled: 1
  m_EditorHideFlags: 0
  m_Script: {fileID: 11500000, guid: fe87c0e1cc204ed48ad3b37840f39efc, type: 3}
  m_Name: 
  m_EditorClassIdentifier: 
--- !u!1001 &1925789581279571871
PrefabInstance:
  m_ObjectHideFlags: 0
  serializedVersion: 2
  m_Modification:
    m_TransformParent: {fileID: 5968664822707253193}
    m_Modifications:
    - target: {fileID: 6148777297614806508, guid: 1d7684df7385e9e4ea5e8e0bb29b6bc3,
        type: 3}
      propertyPath: m_Name
      value: title_36p
      objectReference: {fileID: 0}
    - target: {fileID: 6148777297614806509, guid: 1d7684df7385e9e4ea5e8e0bb29b6bc3,
        type: 3}
      propertyPath: m_LocalPosition.x
      value: 0
      objectReference: {fileID: 0}
    - target: {fileID: 6148777297614806509, guid: 1d7684df7385e9e4ea5e8e0bb29b6bc3,
        type: 3}
      propertyPath: m_LocalPosition.y
      value: 0
      objectReference: {fileID: 0}
    - target: {fileID: 6148777297614806509, guid: 1d7684df7385e9e4ea5e8e0bb29b6bc3,
        type: 3}
      propertyPath: m_LocalPosition.z
      value: 0
      objectReference: {fileID: 0}
    - target: {fileID: 6148777297614806509, guid: 1d7684df7385e9e4ea5e8e0bb29b6bc3,
        type: 3}
      propertyPath: m_LocalRotation.x
      value: 0
      objectReference: {fileID: 0}
    - target: {fileID: 6148777297614806509, guid: 1d7684df7385e9e4ea5e8e0bb29b6bc3,
        type: 3}
      propertyPath: m_LocalRotation.y
      value: 0
      objectReference: {fileID: 0}
    - target: {fileID: 6148777297614806509, guid: 1d7684df7385e9e4ea5e8e0bb29b6bc3,
        type: 3}
      propertyPath: m_LocalRotation.z
      value: 0
      objectReference: {fileID: 0}
    - target: {fileID: 6148777297614806509, guid: 1d7684df7385e9e4ea5e8e0bb29b6bc3,
        type: 3}
      propertyPath: m_LocalRotation.w
      value: 1
      objectReference: {fileID: 0}
    - target: {fileID: 6148777297614806509, guid: 1d7684df7385e9e4ea5e8e0bb29b6bc3,
        type: 3}
      propertyPath: m_RootOrder
      value: 3
      objectReference: {fileID: 0}
    - target: {fileID: 6148777297614806509, guid: 1d7684df7385e9e4ea5e8e0bb29b6bc3,
        type: 3}
      propertyPath: m_LocalEulerAnglesHint.x
      value: 0
      objectReference: {fileID: 0}
    - target: {fileID: 6148777297614806509, guid: 1d7684df7385e9e4ea5e8e0bb29b6bc3,
        type: 3}
      propertyPath: m_LocalEulerAnglesHint.y
      value: 0
      objectReference: {fileID: 0}
    - target: {fileID: 6148777297614806509, guid: 1d7684df7385e9e4ea5e8e0bb29b6bc3,
        type: 3}
      propertyPath: m_LocalEulerAnglesHint.z
      value: 0
      objectReference: {fileID: 0}
    - target: {fileID: 6148777297614806509, guid: 1d7684df7385e9e4ea5e8e0bb29b6bc3,
        type: 3}
      propertyPath: m_AnchoredPosition.x
      value: 0
      objectReference: {fileID: 0}
    - target: {fileID: 6148777297614806509, guid: 1d7684df7385e9e4ea5e8e0bb29b6bc3,
        type: 3}
      propertyPath: m_AnchoredPosition.y
      value: 0
      objectReference: {fileID: 0}
    - target: {fileID: 6148777297614806509, guid: 1d7684df7385e9e4ea5e8e0bb29b6bc3,
        type: 3}
      propertyPath: m_SizeDelta.x
      value: 90
      objectReference: {fileID: 0}
    - target: {fileID: 6148777297614806509, guid: 1d7684df7385e9e4ea5e8e0bb29b6bc3,
        type: 3}
      propertyPath: m_SizeDelta.y
      value: 60
      objectReference: {fileID: 0}
    - target: {fileID: 6148777297614806509, guid: 1d7684df7385e9e4ea5e8e0bb29b6bc3,
        type: 3}
      propertyPath: m_AnchorMin.x
      value: 0.5
      objectReference: {fileID: 0}
    - target: {fileID: 6148777297614806509, guid: 1d7684df7385e9e4ea5e8e0bb29b6bc3,
        type: 3}
      propertyPath: m_AnchorMin.y
      value: 0.5
      objectReference: {fileID: 0}
    - target: {fileID: 6148777297614806509, guid: 1d7684df7385e9e4ea5e8e0bb29b6bc3,
        type: 3}
      propertyPath: m_AnchorMax.x
      value: 0.5
      objectReference: {fileID: 0}
    - target: {fileID: 6148777297614806509, guid: 1d7684df7385e9e4ea5e8e0bb29b6bc3,
        type: 3}
      propertyPath: m_AnchorMax.y
      value: 0.5
      objectReference: {fileID: 0}
    - target: {fileID: 6148777297614806509, guid: 1d7684df7385e9e4ea5e8e0bb29b6bc3,
        type: 3}
      propertyPath: m_Pivot.x
      value: 0.5
      objectReference: {fileID: 0}
    - target: {fileID: 6148777297614806509, guid: 1d7684df7385e9e4ea5e8e0bb29b6bc3,
        type: 3}
      propertyPath: m_Pivot.y
      value: 0.5
      objectReference: {fileID: 0}
    - target: {fileID: 6148777297614806510, guid: 1d7684df7385e9e4ea5e8e0bb29b6bc3,
        type: 3}
      propertyPath: m_VerticalAlignment
      value: 512
      objectReference: {fileID: 0}
    - target: {fileID: 6148777297614806510, guid: 1d7684df7385e9e4ea5e8e0bb29b6bc3,
        type: 3}
      propertyPath: m_textAlignment
      value: 65535
      objectReference: {fileID: 0}
    - target: {fileID: 6148777297614806510, guid: 1d7684df7385e9e4ea5e8e0bb29b6bc3,
        type: 3}
      propertyPath: m_text
      value: "\u6807\u9898"
      objectReference: {fileID: 0}
    - target: {fileID: 6148777297614806510, guid: 1d7684df7385e9e4ea5e8e0bb29b6bc3,
        type: 3}
      propertyPath: m_TextStyleHashCode
      value: -1183493901
      objectReference: {fileID: 0}
    - target: {fileID: 6148777297614806510, guid: 1d7684df7385e9e4ea5e8e0bb29b6bc3,
        type: 3}
      propertyPath: m_HorizontalAlignment
      value: 2
      objectReference: {fileID: 0}
    m_RemovedComponents: []
  m_SourcePrefab: {fileID: 100100000, guid: 1d7684df7385e9e4ea5e8e0bb29b6bc3, type: 3}
--- !u!224 &5759293807262708338 stripped
RectTransform:
  m_CorrespondingSourceObject: {fileID: 6148777297614806509, guid: 1d7684df7385e9e4ea5e8e0bb29b6bc3,
    type: 3}
  m_PrefabInstance: {fileID: 1925789581279571871}
  m_PrefabAsset: {fileID: 0}
--- !u!114 &7605370804089129907 stripped
MonoBehaviour:
  m_CorrespondingSourceObject: {fileID: 8300823611364418604, guid: 1d7684df7385e9e4ea5e8e0bb29b6bc3,
    type: 3}
  m_PrefabInstance: {fileID: 1925789581279571871}
  m_PrefabAsset: {fileID: 0}
  m_GameObject: {fileID: 0}
  m_Enabled: 1
  m_EditorHideFlags: 0
  m_Script: {fileID: 11500000, guid: 366e5fcf4374db04ca4e6b17b07f10b7, type: 3}
  m_Name: 
  m_EditorClassIdentifier: 
--- !u!1001 &5142785954338248924
PrefabInstance:
  m_ObjectHideFlags: 0
  serializedVersion: 2
  m_Modification:
    m_TransformParent: {fileID: 5968664822707253193}
    m_Modifications:
    - target: {fileID: 1189638435302483016, guid: a24214dd88235b94b965fe986058e70d,
        type: 3}
      propertyPath: m_Name
      value: interactive_zone
      objectReference: {fileID: 0}
    - target: {fileID: 2292146169269878801, guid: a24214dd88235b94b965fe986058e70d,
        type: 3}
      propertyPath: m_Delegates.Array.size
      value: 2
      objectReference: {fileID: 0}
    - target: {fileID: 2292146169269878801, guid: a24214dd88235b94b965fe986058e70d,
        type: 3}
      propertyPath: m_Delegates.Array.data[0].callback.m_PersistentCalls.m_Calls.Array.size
      value: 1
      objectReference: {fileID: 0}
    - target: {fileID: 2292146169269878801, guid: a24214dd88235b94b965fe986058e70d,
        type: 3}
      propertyPath: m_Delegates.Array.data[1].callback.m_PersistentCalls.m_Calls.Array.size
      value: 1
      objectReference: {fileID: 0}
    - target: {fileID: 2292146169269878801, guid: a24214dd88235b94b965fe986058e70d,
        type: 3}
      propertyPath: m_Delegates.Array.data[1].eventID
      value: 1
      objectReference: {fileID: 0}
    - target: {fileID: 2292146169269878801, guid: a24214dd88235b94b965fe986058e70d,
        type: 3}
      propertyPath: m_Delegates.Array.data[0].callback.m_PersistentCalls.m_Calls.Array.data[0].m_Mode
      value: 1
      objectReference: {fileID: 0}
    - target: {fileID: 2292146169269878801, guid: a24214dd88235b94b965fe986058e70d,
        type: 3}
      propertyPath: m_Delegates.Array.data[0].callback.m_PersistentCalls.m_Calls.Array.data[0].m_CallState
      value: 2
      objectReference: {fileID: 0}
    - target: {fileID: 2292146169269878801, guid: a24214dd88235b94b965fe986058e70d,
        type: 3}
      propertyPath: m_Delegates.Array.data[1].callback.m_PersistentCalls.m_Calls.Array.data[0].m_Mode
      value: 1
      objectReference: {fileID: 0}
    - target: {fileID: 2292146169269878801, guid: a24214dd88235b94b965fe986058e70d,
        type: 3}
      propertyPath: m_Delegates.Array.data[1].callback.m_PersistentCalls.m_Calls.Array.data[0].m_CallState
      value: 2
      objectReference: {fileID: 0}
    - target: {fileID: 2292146169269878801, guid: a24214dd88235b94b965fe986058e70d,
        type: 3}
      propertyPath: m_Delegates.Array.data[0].callback.m_PersistentCalls.m_Calls.Array.data[0].m_Target
      value: 
      objectReference: {fileID: 5637689947254305282}
    - target: {fileID: 2292146169269878801, guid: a24214dd88235b94b965fe986058e70d,
        type: 3}
      propertyPath: m_Delegates.Array.data[1].callback.m_PersistentCalls.m_Calls.Array.data[0].m_Target
      value: 
      objectReference: {fileID: 5637689947254305282}
    - target: {fileID: 2292146169269878801, guid: a24214dd88235b94b965fe986058e70d,
        type: 3}
      propertyPath: m_Delegates.Array.data[0].callback.m_PersistentCalls.m_Calls.Array.data[0].m_MethodName
      value: HoverOn
      objectReference: {fileID: 0}
    - target: {fileID: 2292146169269878801, guid: a24214dd88235b94b965fe986058e70d,
        type: 3}
      propertyPath: m_Delegates.Array.data[0].callback.m_PersistentCalls.m_Calls.Array.data[0].m_Arguments.m_ObjectArgumentAssemblyTypeName
      value: UnityEngine.Object, UnityEngine
      objectReference: {fileID: 0}
    - target: {fileID: 2292146169269878801, guid: a24214dd88235b94b965fe986058e70d,
        type: 3}
      propertyPath: m_Delegates.Array.data[1].callback.m_PersistentCalls.m_Calls.Array.data[0].m_MethodName
      value: HoverOff
      objectReference: {fileID: 0}
    - target: {fileID: 2292146169269878801, guid: a24214dd88235b94b965fe986058e70d,
        type: 3}
      propertyPath: m_Delegates.Array.data[1].callback.m_PersistentCalls.m_Calls.Array.data[0].m_Arguments.m_ObjectArgumentAssemblyTypeName
      value: UnityEngine.Object, UnityEngine
      objectReference: {fileID: 0}
    - target: {fileID: 7241049320467676256, guid: a24214dd88235b94b965fe986058e70d,
        type: 3}
      propertyPath: m_LocalPosition.x
      value: 0
      objectReference: {fileID: 0}
    - target: {fileID: 7241049320467676256, guid: a24214dd88235b94b965fe986058e70d,
        type: 3}
      propertyPath: m_LocalPosition.y
      value: 0
      objectReference: {fileID: 0}
    - target: {fileID: 7241049320467676256, guid: a24214dd88235b94b965fe986058e70d,
        type: 3}
      propertyPath: m_LocalPosition.z
      value: 0
      objectReference: {fileID: 0}
    - target: {fileID: 7241049320467676256, guid: a24214dd88235b94b965fe986058e70d,
        type: 3}
      propertyPath: m_RootOrder
      value: 0
      objectReference: {fileID: 0}
    - target: {fileID: 7241049320467676256, guid: a24214dd88235b94b965fe986058e70d,
        type: 3}
      propertyPath: m_LocalEulerAnglesHint.x
      value: 0
      objectReference: {fileID: 0}
    - target: {fileID: 7241049320467676256, guid: a24214dd88235b94b965fe986058e70d,
        type: 3}
      propertyPath: m_LocalEulerAnglesHint.y
      value: 0
      objectReference: {fileID: 0}
    - target: {fileID: 7241049320467676256, guid: a24214dd88235b94b965fe986058e70d,
        type: 3}
      propertyPath: m_LocalEulerAnglesHint.z
      value: 0
      objectReference: {fileID: 0}
    m_RemovedComponents: []
  m_SourcePrefab: {fileID: 100100000, guid: a24214dd88235b94b965fe986058e70d, type: 3}
--- !u!1 &6331121309177101460 stripped
GameObject:
  m_CorrespondingSourceObject: {fileID: 1189638435302483016, guid: a24214dd88235b94b965fe986058e70d,
    type: 3}
  m_PrefabInstance: {fileID: 5142785954338248924}
  m_PrefabAsset: {fileID: 0}
--- !u!224 &2532016321755620540 stripped
RectTransform:
  m_CorrespondingSourceObject: {fileID: 7241049320467676256, guid: a24214dd88235b94b965fe986058e70d,
    type: 3}
  m_PrefabInstance: {fileID: 5142785954338248924}
  m_PrefabAsset: {fileID: 0}
