%YAML 1.1
%TAG !u! tag:unity3d.com,2011:
--- !u!114 &2493775469824341102
MonoBehaviour:
  m_ObjectHideFlags: 0
  m_CorrespondingSourceObject: {fileID: 0}
  m_PrefabInstance: {fileID: 0}
  m_PrefabAsset: {fileID: 0}
  m_GameObject: {fileID: 222977623042362666}
  m_Enabled: 1
  m_EditorHideFlags: 0
  m_Script: {fileID: 11500000, guid: d0b148fe25e99eb48b9724523833bab1, type: 3}
  m_Name: 
  m_EditorClassIdentifier: 
  m_Delegates:
  - eventID: 4
    callback:
      m_PersistentCalls:
        m_Calls:
        - m_Target: {fileID: 2638032362899363397}
          m_MethodName: OnDeleteClicked
          m_Mode: 3
          m_Arguments:
            m_ObjectArgument: {fileID: 0}
            m_ObjectArgumentAssemblyTypeName: UnityEngine.Object, UnityEngine
            m_IntArgument: 0
            m_FloatArgument: 0
            m_StringArgument: 
            m_BoolArgument: 0
          m_CallState: 2
--- !u!114 &3306946869292764730
MonoBehaviour:
  m_ObjectHideFlags: 0
  m_CorrespondingSourceObject: {fileID: 0}
  m_PrefabInstance: {fileID: 0}
  m_PrefabAsset: {fileID: 0}
  m_GameObject: {fileID: 2294587434249188614}
  m_Enabled: 1
  m_EditorHideFlags: 0
  m_Script: {fileID: 11500000, guid: d0b148fe25e99eb48b9724523833bab1, type: 3}
  m_Name: 
  m_EditorClassIdentifier: 
  m_Delegates:
  - eventID: 4
    callback:
      m_PersistentCalls:
        m_Calls:
        - m_Target: {fileID: 2638032362899363397}
          m_MethodName: OnSlotClicked
          m_Mode: 3
          m_Arguments:
            m_ObjectArgument: {fileID: 0}
            m_ObjectArgumentAssemblyTypeName: UnityEngine.Object, UnityEngine
            m_IntArgument: 0
            m_FloatArgument: 0
            m_StringArgument: 
            m_BoolArgument: 0
          m_CallState: 2
--- !u!1 &4425554940117993464
GameObject:
  m_ObjectHideFlags: 0
  m_CorrespondingSourceObject: {fileID: 0}
  m_PrefabInstance: {fileID: 0}
  m_PrefabAsset: {fileID: 0}
  serializedVersion: 6
  m_Component:
  - component: {fileID: 1818549829784010473}
  - component: {fileID: 777817534095179979}
  - component: {fileID: 7230675915639473979}
  m_Layer: 5
  m_Name: frame_sprite
  m_TagString: Untagged
  m_Icon: {fileID: 0}
  m_NavMeshLayer: 0
  m_StaticEditorFlags: 0
  m_IsActive: 1
--- !u!224 &1818549829784010473
RectTransform:
  m_ObjectHideFlags: 0
  m_CorrespondingSourceObject: {fileID: 0}
  m_PrefabInstance: {fileID: 0}
  m_PrefabAsset: {fileID: 0}
  m_GameObject: {fileID: 4425554940117993464}
  m_LocalRotation: {x: 0, y: 0, z: 0, w: 1}
  m_LocalPosition: {x: 0, y: 0, z: 0}
  m_LocalScale: {x: 1, y: 1, z: 1}
  m_Children: []
  m_Father: {fileID: 6503808010885432023}
  m_RootOrder: 2
  m_LocalEulerAnglesHint: {x: 0, y: 0, z: 0}
  m_AnchorMin: {x: 0.5, y: 0.5}
  m_AnchorMax: {x: 0.5, y: 0.5}
  m_AnchoredPosition: {x: 0, y: 0}
  m_SizeDelta: {x: 250, y: 250}
  m_Pivot: {x: 0.5, y: 0.5}
--- !u!222 &777817534095179979
CanvasRenderer:
  m_ObjectHideFlags: 0
  m_CorrespondingSourceObject: {fileID: 0}
  m_PrefabInstance: {fileID: 0}
  m_PrefabAsset: {fileID: 0}
  m_GameObject: {fileID: 4425554940117993464}
  m_CullTransparentMesh: 0
--- !u!114 &7230675915639473979
MonoBehaviour:
  m_ObjectHideFlags: 0
  m_CorrespondingSourceObject: {fileID: 0}
  m_PrefabInstance: {fileID: 0}
  m_PrefabAsset: {fileID: 0}
  m_GameObject: {fileID: 4425554940117993464}
  m_Enabled: 1
  m_EditorHideFlags: 0
  m_Script: {fileID: 11500000, guid: fe87c0e1cc204ed48ad3b37840f39efc, type: 3}
  m_Name: 
  m_EditorClassIdentifier: 
  m_Material: {fileID: 0}
  m_Color: {r: 1, g: 1, b: 1, a: 1}
  m_RaycastTarget: 0
  m_Maskable: 1
  m_OnCullStateChanged:
    m_PersistentCalls:
      m_Calls: []
  m_Sprite: {fileID: -364345642672429020, guid: 76fc86b3b2925c84fbc2fc489de9cb6a,
    type: 3}
  m_Type: 0
  m_PreserveAspect: 0
  m_FillCenter: 1
  m_FillMethod: 4
  m_FillAmount: 1
  m_FillClockwise: 1
  m_FillOrigin: 0
  m_UseSpriteMesh: 0
  m_PixelsPerUnitMultiplier: 1
--- !u!1 &5510462533653428043
GameObject:
  m_ObjectHideFlags: 0
  m_CorrespondingSourceObject: {fileID: 0}
  m_PrefabInstance: {fileID: 0}
  m_PrefabAsset: {fileID: 0}
  serializedVersion: 6
  m_Component:
  - component: {fileID: 6503808010885432023}
  - component: {fileID: 2638032362899363397}
  m_Layer: 5
  m_Name: journal_slot
  m_TagString: Untagged
  m_Icon: {fileID: 0}
  m_NavMeshLayer: 0
  m_StaticEditorFlags: 0
  m_IsActive: 1
--- !u!224 &6503808010885432023
RectTransform:
  m_ObjectHideFlags: 0
  m_CorrespondingSourceObject: {fileID: 0}
  m_PrefabInstance: {fileID: 0}
  m_PrefabAsset: {fileID: 0}
  m_GameObject: {fileID: 5510462533653428043}
  m_LocalRotation: {x: -0, y: -0, z: -0, w: 1}
  m_LocalPosition: {x: 0, y: 0, z: 0}
  m_LocalScale: {x: 1, y: 1, z: 1}
  m_Children:
  - {fileID: 7721189811749088558}
  - {fileID: 3670204581392363311}
  - {fileID: 1818549829784010473}
  - {fileID: 2667474960694443701}
  - {fileID: 6524827792244890751}
  m_Father: {fileID: 0}
  m_RootOrder: 0
  m_LocalEulerAnglesHint: {x: 0, y: 0, z: 0}
  m_AnchorMin: {x: 0.5, y: 0.5}
  m_AnchorMax: {x: 0.5, y: 0.5}
  m_AnchoredPosition: {x: -120, y: 214}
  m_SizeDelta: {x: 280, y: 280}
  m_Pivot: {x: 0.5, y: 0.5}
--- !u!114 &2638032362899363397
MonoBehaviour:
  m_ObjectHideFlags: 0
  m_CorrespondingSourceObject: {fileID: 0}
  m_PrefabInstance: {fileID: 0}
  m_PrefabAsset: {fileID: 0}
  m_GameObject: {fileID: 5510462533653428043}
  m_Enabled: 1
  m_EditorHideFlags: 0
  m_Script: {fileID: 11500000, guid: c448824faa8b90c47a8d61128a503ff9, type: 3}
  m_Name: 
  m_EditorClassIdentifier: 
  frameColor: {fileID: 11400000, guid: 39e90c020871cc74592a736adaef65d5, type: 2}
  text_sprite: {fileID: 9002749160798152271}
  frame_sprite: {fileID: 7230675915639473979}
  delete_btn: {fileID: 8161437553286737738}
  collectible: {fileID: 4326164190923623641}
  status: 0
  statusStr: 
--- !u!1 &7247695193773795094
GameObject:
  m_ObjectHideFlags: 0
  m_CorrespondingSourceObject: {fileID: 0}
  m_PrefabInstance: {fileID: 0}
  m_PrefabAsset: {fileID: 0}
  serializedVersion: 6
  m_Component:
  - component: {fileID: 3670204581392363311}
  - component: {fileID: 4995517211405214212}
  - component: {fileID: 9002749160798152271}
  m_Layer: 5
  m_Name: text_sprite
  m_TagString: Untagged
  m_Icon: {fileID: 0}
  m_NavMeshLayer: 0
  m_StaticEditorFlags: 0
  m_IsActive: 1
--- !u!224 &3670204581392363311
RectTransform:
  m_ObjectHideFlags: 0
  m_CorrespondingSourceObject: {fileID: 0}
  m_PrefabInstance: {fileID: 0}
  m_PrefabAsset: {fileID: 0}
  m_GameObject: {fileID: 7247695193773795094}
  m_LocalRotation: {x: 0, y: 0, z: 0, w: 1}
  m_LocalPosition: {x: 0, y: 0, z: 0}
  m_LocalScale: {x: 1, y: 1, z: 1}
  m_Children: []
  m_Father: {fileID: 6503808010885432023}
  m_RootOrder: 1
  m_LocalEulerAnglesHint: {x: 0, y: 0, z: 0}
  m_AnchorMin: {x: 0.5, y: 0.5}
  m_AnchorMax: {x: 0.5, y: 0.5}
  m_AnchoredPosition: {x: 0, y: 0}
  m_SizeDelta: {x: 400, y: 400}
  m_Pivot: {x: 0.5, y: 0.5}
--- !u!222 &4995517211405214212
CanvasRenderer:
  m_ObjectHideFlags: 0
  m_CorrespondingSourceObject: {fileID: 0}
  m_PrefabInstance: {fileID: 0}
  m_PrefabAsset: {fileID: 0}
  m_GameObject: {fileID: 7247695193773795094}
  m_CullTransparentMesh: 0
--- !u!114 &9002749160798152271
MonoBehaviour:
  m_ObjectHideFlags: 0
  m_CorrespondingSourceObject: {fileID: 0}
  m_PrefabInstance: {fileID: 0}
  m_PrefabAsset: {fileID: 0}
  m_GameObject: {fileID: 7247695193773795094}
  m_Enabled: 1
  m_EditorHideFlags: 0
  m_Script: {fileID: 11500000, guid: fe87c0e1cc204ed48ad3b37840f39efc, type: 3}
  m_Name: 
  m_EditorClassIdentifier: 
  m_Material: {fileID: 0}
  m_Color: {r: 0.6666667, g: 0.6666667, b: 0.6666667, a: 1}
  m_RaycastTarget: 0
  m_Maskable: 1
  m_OnCullStateChanged:
    m_PersistentCalls:
      m_Calls: []
  m_Sprite: {fileID: -6058074825409327859, guid: b53cee556c0e554499ebfbac75d512a6,
    type: 3}
  m_Type: 0
  m_PreserveAspect: 0
  m_FillCenter: 1
  m_FillMethod: 4
  m_FillAmount: 1
  m_FillClockwise: 1
  m_FillOrigin: 0
  m_UseSpriteMesh: 0
  m_PixelsPerUnitMultiplier: 1
--- !u!1001 &1106322860301111630
PrefabInstance:
  m_ObjectHideFlags: 0
  serializedVersion: 2
  m_Modification:
    m_TransformParent: {fileID: 6503808010885432023}
    m_Modifications:
    - target: {fileID: 1189638435302483016, guid: a24214dd88235b94b965fe986058e70d,
        type: 3}
      propertyPath: m_Name
      value: interactive_zone
      objectReference: {fileID: 0}
    - target: {fileID: 7241049320467676256, guid: a24214dd88235b94b965fe986058e70d,
        type: 3}
      propertyPath: m_LocalPosition.x
      value: 0
      objectReference: {fileID: 0}
    - target: {fileID: 7241049320467676256, guid: a24214dd88235b94b965fe986058e70d,
        type: 3}
      propertyPath: m_LocalPosition.y
      value: 0
      objectReference: {fileID: 0}
    - target: {fileID: 7241049320467676256, guid: a24214dd88235b94b965fe986058e70d,
        type: 3}
      propertyPath: m_LocalPosition.z
      value: 0
      objectReference: {fileID: 0}
    - target: {fileID: 7241049320467676256, guid: a24214dd88235b94b965fe986058e70d,
        type: 3}
      propertyPath: m_LocalRotation.x
      value: 0
      objectReference: {fileID: 0}
    - target: {fileID: 7241049320467676256, guid: a24214dd88235b94b965fe986058e70d,
        type: 3}
      propertyPath: m_LocalRotation.y
      value: 0
      objectReference: {fileID: 0}
    - target: {fileID: 7241049320467676256, guid: a24214dd88235b94b965fe986058e70d,
        type: 3}
      propertyPath: m_LocalRotation.z
      value: 0
      objectReference: {fileID: 0}
    - target: {fileID: 7241049320467676256, guid: a24214dd88235b94b965fe986058e70d,
        type: 3}
      propertyPath: m_LocalRotation.w
      value: 1
      objectReference: {fileID: 0}
    - target: {fileID: 7241049320467676256, guid: a24214dd88235b94b965fe986058e70d,
        type: 3}
      propertyPath: m_RootOrder
      value: 0
      objectReference: {fileID: 0}
    - target: {fileID: 7241049320467676256, guid: a24214dd88235b94b965fe986058e70d,
        type: 3}
      propertyPath: m_LocalEulerAnglesHint.x
      value: 0
      objectReference: {fileID: 0}
    - target: {fileID: 7241049320467676256, guid: a24214dd88235b94b965fe986058e70d,
        type: 3}
      propertyPath: m_LocalEulerAnglesHint.y
      value: 0
      objectReference: {fileID: 0}
    - target: {fileID: 7241049320467676256, guid: a24214dd88235b94b965fe986058e70d,
        type: 3}
      propertyPath: m_LocalEulerAnglesHint.z
      value: 0
      objectReference: {fileID: 0}
    - target: {fileID: 7241049320467676256, guid: a24214dd88235b94b965fe986058e70d,
        type: 3}
      propertyPath: m_AnchoredPosition.x
      value: 0
      objectReference: {fileID: 0}
    - target: {fileID: 7241049320467676256, guid: a24214dd88235b94b965fe986058e70d,
        type: 3}
      propertyPath: m_AnchoredPosition.y
      value: 0
      objectReference: {fileID: 0}
    - target: {fileID: 7241049320467676256, guid: a24214dd88235b94b965fe986058e70d,
        type: 3}
      propertyPath: m_SizeDelta.x
      value: 0
      objectReference: {fileID: 0}
    - target: {fileID: 7241049320467676256, guid: a24214dd88235b94b965fe986058e70d,
        type: 3}
      propertyPath: m_SizeDelta.y
      value: 0
      objectReference: {fileID: 0}
    - target: {fileID: 7241049320467676256, guid: a24214dd88235b94b965fe986058e70d,
        type: 3}
      propertyPath: m_AnchorMin.x
      value: 0
      objectReference: {fileID: 0}
    - target: {fileID: 7241049320467676256, guid: a24214dd88235b94b965fe986058e70d,
        type: 3}
      propertyPath: m_AnchorMin.y
      value: 0
      objectReference: {fileID: 0}
    - target: {fileID: 7241049320467676256, guid: a24214dd88235b94b965fe986058e70d,
        type: 3}
      propertyPath: m_AnchorMax.x
      value: 1
      objectReference: {fileID: 0}
    - target: {fileID: 7241049320467676256, guid: a24214dd88235b94b965fe986058e70d,
        type: 3}
      propertyPath: m_AnchorMax.y
      value: 1
      objectReference: {fileID: 0}
    - target: {fileID: 7241049320467676256, guid: a24214dd88235b94b965fe986058e70d,
        type: 3}
      propertyPath: m_Pivot.x
      value: 0.5
      objectReference: {fileID: 0}
    - target: {fileID: 7241049320467676256, guid: a24214dd88235b94b965fe986058e70d,
        type: 3}
      propertyPath: m_Pivot.y
      value: 0.5
      objectReference: {fileID: 0}
    m_RemovedComponents: []
  m_SourcePrefab: {fileID: 100100000, guid: a24214dd88235b94b965fe986058e70d, type: 3}
--- !u!1 &2294587434249188614 stripped
GameObject:
  m_CorrespondingSourceObject: {fileID: 1189638435302483016, guid: a24214dd88235b94b965fe986058e70d,
    type: 3}
  m_PrefabInstance: {fileID: 1106322860301111630}
  m_PrefabAsset: {fileID: 0}
--- !u!224 &7721189811749088558 stripped
RectTransform:
  m_CorrespondingSourceObject: {fileID: 7241049320467676256, guid: a24214dd88235b94b965fe986058e70d,
    type: 3}
  m_PrefabInstance: {fileID: 1106322860301111630}
  m_PrefabAsset: {fileID: 0}
--- !u!1001 &3049169089305274922
PrefabInstance:
  m_ObjectHideFlags: 0
  serializedVersion: 2
  m_Modification:
    m_TransformParent: {fileID: 6503808010885432023}
    m_Modifications:
    - target: {fileID: 1104531420922287263, guid: b1b33e5d44f81fb4684df534cd59f641,
        type: 3}
      propertyPath: m_LocalPosition.x
      value: 0
      objectReference: {fileID: 0}
    - target: {fileID: 1104531420922287263, guid: b1b33e5d44f81fb4684df534cd59f641,
        type: 3}
      propertyPath: m_LocalPosition.y
      value: 0
      objectReference: {fileID: 0}
    - target: {fileID: 1104531420922287263, guid: b1b33e5d44f81fb4684df534cd59f641,
        type: 3}
      propertyPath: m_LocalPosition.z
      value: 0
      objectReference: {fileID: 0}
    - target: {fileID: 1104531420922287263, guid: b1b33e5d44f81fb4684df534cd59f641,
        type: 3}
      propertyPath: m_LocalRotation.x
      value: 0
      objectReference: {fileID: 0}
    - target: {fileID: 1104531420922287263, guid: b1b33e5d44f81fb4684df534cd59f641,
        type: 3}
      propertyPath: m_LocalRotation.y
      value: 0
      objectReference: {fileID: 0}
    - target: {fileID: 1104531420922287263, guid: b1b33e5d44f81fb4684df534cd59f641,
        type: 3}
      propertyPath: m_LocalRotation.z
      value: 0
      objectReference: {fileID: 0}
    - target: {fileID: 1104531420922287263, guid: b1b33e5d44f81fb4684df534cd59f641,
        type: 3}
      propertyPath: m_LocalRotation.w
      value: 1
      objectReference: {fileID: 0}
    - target: {fileID: 1104531420922287263, guid: b1b33e5d44f81fb4684df534cd59f641,
        type: 3}
      propertyPath: m_RootOrder
      value: 3
      objectReference: {fileID: 0}
    - target: {fileID: 1104531420922287263, guid: b1b33e5d44f81fb4684df534cd59f641,
        type: 3}
      propertyPath: m_LocalEulerAnglesHint.x
      value: 0
      objectReference: {fileID: 0}
    - target: {fileID: 1104531420922287263, guid: b1b33e5d44f81fb4684df534cd59f641,
        type: 3}
      propertyPath: m_LocalEulerAnglesHint.y
      value: 0
      objectReference: {fileID: 0}
    - target: {fileID: 1104531420922287263, guid: b1b33e5d44f81fb4684df534cd59f641,
        type: 3}
      propertyPath: m_LocalEulerAnglesHint.z
      value: 0
      objectReference: {fileID: 0}
    - target: {fileID: 1104531420922287263, guid: b1b33e5d44f81fb4684df534cd59f641,
        type: 3}
      propertyPath: m_AnchoredPosition.x
      value: -105
      objectReference: {fileID: 0}
    - target: {fileID: 1104531420922287263, guid: b1b33e5d44f81fb4684df534cd59f641,
        type: 3}
      propertyPath: m_AnchoredPosition.y
      value: 105
      objectReference: {fileID: 0}
    - target: {fileID: 1104531420922287263, guid: b1b33e5d44f81fb4684df534cd59f641,
        type: 3}
      propertyPath: m_SizeDelta.x
      value: 50
      objectReference: {fileID: 0}
    - target: {fileID: 1104531420922287263, guid: b1b33e5d44f81fb4684df534cd59f641,
        type: 3}
      propertyPath: m_SizeDelta.y
      value: 50
      objectReference: {fileID: 0}
    - target: {fileID: 1104531420922287263, guid: b1b33e5d44f81fb4684df534cd59f641,
        type: 3}
      propertyPath: m_AnchorMin.x
      value: 0.5
      objectReference: {fileID: 0}
    - target: {fileID: 1104531420922287263, guid: b1b33e5d44f81fb4684df534cd59f641,
        type: 3}
      propertyPath: m_AnchorMin.y
      value: 0.5
      objectReference: {fileID: 0}
    - target: {fileID: 1104531420922287263, guid: b1b33e5d44f81fb4684df534cd59f641,
        type: 3}
      propertyPath: m_AnchorMax.x
      value: 0.5
      objectReference: {fileID: 0}
    - target: {fileID: 1104531420922287263, guid: b1b33e5d44f81fb4684df534cd59f641,
        type: 3}
      propertyPath: m_AnchorMax.y
      value: 0.5
      objectReference: {fileID: 0}
    - target: {fileID: 1104531420922287263, guid: b1b33e5d44f81fb4684df534cd59f641,
        type: 3}
      propertyPath: m_Pivot.x
      value: 0.5
      objectReference: {fileID: 0}
    - target: {fileID: 1104531420922287263, guid: b1b33e5d44f81fb4684df534cd59f641,
        type: 3}
      propertyPath: m_Pivot.y
      value: 0.5
      objectReference: {fileID: 0}
    - target: {fileID: 6422539702847297579, guid: b1b33e5d44f81fb4684df534cd59f641,
        type: 3}
      propertyPath: m_Name
      value: btn_close_delete
      objectReference: {fileID: 0}
    - target: {fileID: 6422539702847297579, guid: b1b33e5d44f81fb4684df534cd59f641,
        type: 3}
      propertyPath: m_IsActive
      value: 0
      objectReference: {fileID: 0}
    m_RemovedComponents: []
  m_SourcePrefab: {fileID: 100100000, guid: b1b33e5d44f81fb4684df534cd59f641, type: 3}
--- !u!224 &2667474960694443701 stripped
RectTransform:
  m_CorrespondingSourceObject: {fileID: 1104531420922287263, guid: b1b33e5d44f81fb4684df534cd59f641,
    type: 3}
  m_PrefabInstance: {fileID: 3049169089305274922}
  m_PrefabAsset: {fileID: 0}
--- !u!114 &8161437553286737738 stripped
MonoBehaviour:
  m_CorrespondingSourceObject: {fileID: 6562750809003787616, guid: b1b33e5d44f81fb4684df534cd59f641,
    type: 3}
  m_PrefabInstance: {fileID: 3049169089305274922}
  m_PrefabAsset: {fileID: 0}
  m_GameObject: {fileID: 0}
  m_Enabled: 1
  m_EditorHideFlags: 0
  m_Script: {fileID: 11500000, guid: a989fd0832f38ff4d8781f2c097474f2, type: 3}
  m_Name: 
  m_EditorClassIdentifier: 
--- !u!1 &222977623042362666 stripped
GameObject:
  m_CorrespondingSourceObject: {fileID: 2974908851996419840, guid: b1b33e5d44f81fb4684df534cd59f641,
    type: 3}
  m_PrefabInstance: {fileID: 3049169089305274922}
  m_PrefabAsset: {fileID: 0}
--- !u!1001 &5439568536475141325
PrefabInstance:
  m_ObjectHideFlags: 0
  serializedVersion: 2
  m_Modification:
    m_TransformParent: {fileID: 6503808010885432023}
    m_Modifications:
    - target: {fileID: 1293063663563069618, guid: aca0c508db9be84499cc89d32a45bcd0,
        type: 3}
      propertyPath: m_LocalPosition.x
      value: 0
      objectReference: {fileID: 0}
    - target: {fileID: 1293063663563069618, guid: aca0c508db9be84499cc89d32a45bcd0,
        type: 3}
      propertyPath: m_LocalPosition.y
      value: 0
      objectReference: {fileID: 0}
    - target: {fileID: 1293063663563069618, guid: aca0c508db9be84499cc89d32a45bcd0,
        type: 3}
      propertyPath: m_LocalPosition.z
      value: 0
      objectReference: {fileID: 0}
    - target: {fileID: 1293063663563069618, guid: aca0c508db9be84499cc89d32a45bcd0,
        type: 3}
      propertyPath: m_LocalRotation.x
      value: -0
      objectReference: {fileID: 0}
    - target: {fileID: 1293063663563069618, guid: aca0c508db9be84499cc89d32a45bcd0,
        type: 3}
      propertyPath: m_LocalRotation.y
      value: -0
      objectReference: {fileID: 0}
    - target: {fileID: 1293063663563069618, guid: aca0c508db9be84499cc89d32a45bcd0,
        type: 3}
      propertyPath: m_LocalRotation.z
      value: -0
      objectReference: {fileID: 0}
    - target: {fileID: 1293063663563069618, guid: aca0c508db9be84499cc89d32a45bcd0,
        type: 3}
      propertyPath: m_LocalRotation.w
      value: 1
      objectReference: {fileID: 0}
    - target: {fileID: 1293063663563069618, guid: aca0c508db9be84499cc89d32a45bcd0,
        type: 3}
      propertyPath: m_RootOrder
      value: 4
      objectReference: {fileID: 0}
    - target: {fileID: 1293063663563069618, guid: aca0c508db9be84499cc89d32a45bcd0,
        type: 3}
      propertyPath: m_LocalEulerAnglesHint.x
      value: 0
      objectReference: {fileID: 0}
    - target: {fileID: 1293063663563069618, guid: aca0c508db9be84499cc89d32a45bcd0,
        type: 3}
      propertyPath: m_LocalEulerAnglesHint.y
      value: 0
      objectReference: {fileID: 0}
    - target: {fileID: 1293063663563069618, guid: aca0c508db9be84499cc89d32a45bcd0,
        type: 3}
      propertyPath: m_LocalEulerAnglesHint.z
      value: 0
      objectReference: {fileID: 0}
    - target: {fileID: 1293063663563069618, guid: aca0c508db9be84499cc89d32a45bcd0,
        type: 3}
      propertyPath: m_AnchoredPosition.x
      value: 0
      objectReference: {fileID: 0}
    - target: {fileID: 1293063663563069618, guid: aca0c508db9be84499cc89d32a45bcd0,
        type: 3}
      propertyPath: m_AnchoredPosition.y
      value: 0
      objectReference: {fileID: 0}
    - target: {fileID: 1293063663563069618, guid: aca0c508db9be84499cc89d32a45bcd0,
        type: 3}
      propertyPath: m_SizeDelta.x
      value: 260
      objectReference: {fileID: 0}
    - target: {fileID: 1293063663563069618, guid: aca0c508db9be84499cc89d32a45bcd0,
        type: 3}
      propertyPath: m_SizeDelta.y
      value: 260
      objectReference: {fileID: 0}
    - target: {fileID: 1293063663563069618, guid: aca0c508db9be84499cc89d32a45bcd0,
        type: 3}
      propertyPath: m_AnchorMin.x
      value: 0.5
      objectReference: {fileID: 0}
    - target: {fileID: 1293063663563069618, guid: aca0c508db9be84499cc89d32a45bcd0,
        type: 3}
      propertyPath: m_AnchorMin.y
      value: 0.5
      objectReference: {fileID: 0}
    - target: {fileID: 1293063663563069618, guid: aca0c508db9be84499cc89d32a45bcd0,
        type: 3}
      propertyPath: m_AnchorMax.x
      value: 0.5
      objectReference: {fileID: 0}
    - target: {fileID: 1293063663563069618, guid: aca0c508db9be84499cc89d32a45bcd0,
        type: 3}
      propertyPath: m_AnchorMax.y
      value: 0.5
      objectReference: {fileID: 0}
    - target: {fileID: 1293063663563069618, guid: aca0c508db9be84499cc89d32a45bcd0,
        type: 3}
      propertyPath: m_Pivot.x
      value: 0.5
      objectReference: {fileID: 0}
    - target: {fileID: 1293063663563069618, guid: aca0c508db9be84499cc89d32a45bcd0,
        type: 3}
      propertyPath: m_Pivot.y
      value: 0.5
      objectReference: {fileID: 0}
    - target: {fileID: 2346522327887857253, guid: aca0c508db9be84499cc89d32a45bcd0,
        type: 3}
      propertyPath: m_RaycastTarget
      value: 0
      objectReference: {fileID: 0}
    - target: {fileID: 6218185105733517734, guid: aca0c508db9be84499cc89d32a45bcd0,
        type: 3}
      propertyPath: m_Name
      value: collectible
      objectReference: {fileID: 0}
    m_RemovedComponents: []
  m_SourcePrefab: {fileID: 100100000, guid: aca0c508db9be84499cc89d32a45bcd0, type: 3}
--- !u!224 &6524827792244890751 stripped
RectTransform:
  m_CorrespondingSourceObject: {fileID: 1293063663563069618, guid: aca0c508db9be84499cc89d32a45bcd0,
    type: 3}
  m_PrefabInstance: {fileID: 5439568536475141325}
  m_PrefabAsset: {fileID: 0}
--- !u!114 &4326164190923623641 stripped
MonoBehaviour:
  m_CorrespondingSourceObject: {fileID: 8607686940260206612, guid: aca0c508db9be84499cc89d32a45bcd0,
    type: 3}
  m_PrefabInstance: {fileID: 5439568536475141325}
  m_PrefabAsset: {fileID: 0}
  m_GameObject: {fileID: 0}
  m_Enabled: 1
  m_EditorHideFlags: 0
  m_Script: {fileID: 11500000, guid: 53050bad8e9b1df4baeb8af715ac366e, type: 3}
  m_Name: 
  m_EditorClassIdentifier: 
