%YAML 1.1
%TAG !u! tag:unity3d.com,2011:
--- !u!114 &2939469319686555304
MonoBehaviour:
  m_ObjectHideFlags: 0
  m_CorrespondingSourceObject: {fileID: 0}
  m_PrefabInstance: {fileID: 0}
  m_PrefabAsset: {fileID: 0}
  m_GameObject: {fileID: 1153969744937096019}
  m_Enabled: 1
  m_EditorHideFlags: 0
  m_Script: {fileID: 11500000, guid: 306cc8c2b49d7114eaa3623786fc2126, type: 3}
  m_Name: 
  m_EditorClassIdentifier: 
  m_IgnoreLayout: 0
  m_MinWidth: 80
  m_MinHeight: 45
  m_PreferredWidth: -1
  m_PreferredHeight: -1
  m_FlexibleWidth: -1
  m_FlexibleHeight: -1
  m_LayoutPriority: 1
--- !u!114 &6173280641432945962
MonoBehaviour:
  m_ObjectHideFlags: 0
  m_CorrespondingSourceObject: {fileID: 0}
  m_PrefabInstance: {fileID: 0}
  m_PrefabAsset: {fileID: 0}
  m_GameObject: {fileID: 2590924219043954811}
  m_Enabled: 1
  m_EditorHideFlags: 0
  m_Script: {fileID: 11500000, guid: 306cc8c2b49d7114eaa3623786fc2126, type: 3}
  m_Name: 
  m_EditorClassIdentifier: 
  m_IgnoreLayout: 0
  m_MinWidth: 80
  m_MinHeight: 45
  m_PreferredWidth: -1
  m_PreferredHeight: -1
  m_FlexibleWidth: -1
  m_FlexibleHeight: -1
  m_LayoutPriority: 1
--- !u!114 &7944588970616612490
MonoBehaviour:
  m_ObjectHideFlags: 0
  m_CorrespondingSourceObject: {fileID: 0}
  m_PrefabInstance: {fileID: 0}
  m_PrefabAsset: {fileID: 0}
  m_GameObject: {fileID: 3105195278544827356}
  m_Enabled: 1
  m_EditorHideFlags: 0
  m_Script: {fileID: 11500000, guid: 306cc8c2b49d7114eaa3623786fc2126, type: 3}
  m_Name: 
  m_EditorClassIdentifier: 
  m_IgnoreLayout: 0
  m_MinWidth: 80
  m_MinHeight: 45
  m_PreferredWidth: -1
  m_PreferredHeight: -1
  m_FlexibleWidth: -1
  m_FlexibleHeight: -1
  m_LayoutPriority: 1
--- !u!1 &3795612213423791464
GameObject:
  m_ObjectHideFlags: 0
  m_CorrespondingSourceObject: {fileID: 0}
  m_PrefabInstance: {fileID: 0}
  m_PrefabAsset: {fileID: 0}
  serializedVersion: 6
  m_Component:
  - component: {fileID: 3666640799587478531}
  - component: {fileID: 6159372196459223506}
  - component: {fileID: 6611929956175553955}
  m_Layer: 5
  m_Name: journal_rule
  m_TagString: Untagged
  m_Icon: {fileID: 0}
  m_NavMeshLayer: 0
  m_StaticEditorFlags: 0
  m_IsActive: 1
--- !u!224 &3666640799587478531
RectTransform:
  m_ObjectHideFlags: 0
  m_CorrespondingSourceObject: {fileID: 0}
  m_PrefabInstance: {fileID: 0}
  m_PrefabAsset: {fileID: 0}
  m_GameObject: {fileID: 3795612213423791464}
  m_LocalRotation: {x: 0, y: 0, z: 0, w: 1}
  m_LocalPosition: {x: 0, y: 0, z: 0}
  m_LocalScale: {x: 1, y: 1, z: 1}
  m_Children:
  - {fileID: 132937052372605213}
  - {fileID: 3238913903012573885}
  - {fileID: 7227788376960211311}
  - {fileID: 8153974132449515050}
  - {fileID: 3950039369861693566}
  - {fileID: 9009323759321300502}
  - {fileID: 2293287708064007239}
  - {fileID: 1067713132111919176}
  - {fileID: 3233035114472756272}
  - {fileID: 7831005773904292552}
  - {fileID: 6321142633242380871}
  - {fileID: 8035449358085082007}
  - {fileID: 2278363683461185924}
  m_Father: {fileID: 0}
  m_RootOrder: 0
  m_LocalEulerAnglesHint: {x: 0, y: 0, z: 0}
  m_AnchorMin: {x: 0, y: 0}
  m_AnchorMax: {x: 0, y: 0}
  m_AnchoredPosition: {x: 0, y: 0}
  m_SizeDelta: {x: 440, y: 50}
  m_Pivot: {x: 0.5, y: 0.5}
--- !u!114 &6159372196459223506
MonoBehaviour:
  m_ObjectHideFlags: 0
  m_CorrespondingSourceObject: {fileID: 0}
  m_PrefabInstance: {fileID: 0}
  m_PrefabAsset: {fileID: 0}
  m_GameObject: {fileID: 3795612213423791464}
  m_Enabled: 1
  m_EditorHideFlags: 0
  m_Script: {fileID: 11500000, guid: 30649d3a9faa99c48a7b1166b86bf2a0, type: 3}
  m_Name: 
  m_EditorClassIdentifier: 
  m_Padding:
    m_Left: 0
    m_Right: 0
    m_Top: 0
    m_Bottom: 0
  m_ChildAlignment: 3
  m_Spacing: 0
  m_ChildForceExpandWidth: 0
  m_ChildForceExpandHeight: 0
  m_ChildControlWidth: 1
  m_ChildControlHeight: 1
  m_ChildScaleWidth: 1
  m_ChildScaleHeight: 1
--- !u!114 &6611929956175553955
MonoBehaviour:
  m_ObjectHideFlags: 0
  m_CorrespondingSourceObject: {fileID: 0}
  m_PrefabInstance: {fileID: 0}
  m_PrefabAsset: {fileID: 0}
  m_GameObject: {fileID: 3795612213423791464}
  m_Enabled: 1
  m_EditorHideFlags: 0
  m_Script: {fileID: 11500000, guid: d0c98eef09567ac45a3e6dfaa9925e17, type: 3}
  m_Name: 
  m_EditorClassIdentifier: 
  star_: {fileID: 4704345099269157263}
  _star: {fileID: 6849736202769885462}
  prefix: {fileID: 382804818319404439}
  midfix: {fileID: 3922200942039260013}
  suffix: {fileID: 5061684666744067261}
  collectible_tags:
  - {fileID: 2839919360784285394}
  - {fileID: 3607265538524623255}
  - {fileID: 8500108066552686531}
  - {fileID: 4476759008638736811}
  additional_tags:
  - {fileID: 5617800522114850805}
  - {fileID: 8068520812478952333}
  - {fileID: 3425685579692313973}
  - {fileID: 1485656930471472634}
--- !u!114 &7682257010953630498
MonoBehaviour:
  m_ObjectHideFlags: 0
  m_CorrespondingSourceObject: {fileID: 0}
  m_PrefabInstance: {fileID: 0}
  m_PrefabAsset: {fileID: 0}
  m_GameObject: {fileID: 3932258888603914046}
  m_Enabled: 1
  m_EditorHideFlags: 0
  m_Script: {fileID: 11500000, guid: 306cc8c2b49d7114eaa3623786fc2126, type: 3}
  m_Name: 
  m_EditorClassIdentifier: 
  m_IgnoreLayout: 0
  m_MinWidth: 80
  m_MinHeight: 45
  m_PreferredWidth: -1
  m_PreferredHeight: -1
  m_FlexibleWidth: -1
  m_FlexibleHeight: -1
  m_LayoutPriority: 1
--- !u!114 &5025424974499622418
MonoBehaviour:
  m_ObjectHideFlags: 0
  m_CorrespondingSourceObject: {fileID: 0}
  m_PrefabInstance: {fileID: 0}
  m_PrefabAsset: {fileID: 0}
  m_GameObject: {fileID: 4232540171044546306}
  m_Enabled: 1
  m_EditorHideFlags: 0
  m_Script: {fileID: 11500000, guid: 306cc8c2b49d7114eaa3623786fc2126, type: 3}
  m_Name: 
  m_EditorClassIdentifier: 
  m_IgnoreLayout: 0
  m_MinWidth: 80
  m_MinHeight: 45
  m_PreferredWidth: -1
  m_PreferredHeight: -1
  m_FlexibleWidth: -1
  m_FlexibleHeight: -1
  m_LayoutPriority: 1
--- !u!114 &8468256524886303995
MonoBehaviour:
  m_ObjectHideFlags: 0
  m_CorrespondingSourceObject: {fileID: 0}
  m_PrefabInstance: {fileID: 0}
  m_PrefabAsset: {fileID: 0}
  m_GameObject: {fileID: 5071833210574553097}
  m_Enabled: 1
  m_EditorHideFlags: 0
  m_Script: {fileID: 11500000, guid: 306cc8c2b49d7114eaa3623786fc2126, type: 3}
  m_Name: 
  m_EditorClassIdentifier: 
  m_IgnoreLayout: 0
  m_MinWidth: 52
  m_MinHeight: 52
  m_PreferredWidth: -1
  m_PreferredHeight: -1
  m_FlexibleWidth: -1
  m_FlexibleHeight: -1
  m_LayoutPriority: 1
--- !u!114 &8773161095573969619
MonoBehaviour:
  m_ObjectHideFlags: 0
  m_CorrespondingSourceObject: {fileID: 0}
  m_PrefabInstance: {fileID: 0}
  m_PrefabAsset: {fileID: 0}
  m_GameObject: {fileID: 5290545982419214684}
  m_Enabled: 1
  m_EditorHideFlags: 0
  m_Script: {fileID: 11500000, guid: 306cc8c2b49d7114eaa3623786fc2126, type: 3}
  m_Name: 
  m_EditorClassIdentifier: 
  m_IgnoreLayout: 0
  m_MinWidth: 80
  m_MinHeight: 45
  m_PreferredWidth: -1
  m_PreferredHeight: -1
  m_FlexibleWidth: -1
  m_FlexibleHeight: -1
  m_LayoutPriority: 1
--- !u!114 &6105571018533017217
MonoBehaviour:
  m_ObjectHideFlags: 0
  m_CorrespondingSourceObject: {fileID: 0}
  m_PrefabInstance: {fileID: 0}
  m_PrefabAsset: {fileID: 0}
  m_GameObject: {fileID: 6351433747021273232}
  m_Enabled: 1
  m_EditorHideFlags: 0
  m_Script: {fileID: 11500000, guid: 306cc8c2b49d7114eaa3623786fc2126, type: 3}
  m_Name: 
  m_EditorClassIdentifier: 
  m_IgnoreLayout: 0
  m_MinWidth: 52
  m_MinHeight: 52
  m_PreferredWidth: -1
  m_PreferredHeight: -1
  m_FlexibleWidth: -1
  m_FlexibleHeight: -1
  m_LayoutPriority: 1
--- !u!114 &3212086617296728228
MonoBehaviour:
  m_ObjectHideFlags: 0
  m_CorrespondingSourceObject: {fileID: 0}
  m_PrefabInstance: {fileID: 0}
  m_PrefabAsset: {fileID: 0}
  m_GameObject: {fileID: 7738451532680006948}
  m_Enabled: 1
  m_EditorHideFlags: 0
  m_Script: {fileID: 11500000, guid: 306cc8c2b49d7114eaa3623786fc2126, type: 3}
  m_Name: 
  m_EditorClassIdentifier: 
  m_IgnoreLayout: 0
  m_MinWidth: 80
  m_MinHeight: 45
  m_PreferredWidth: -1
  m_PreferredHeight: -1
  m_FlexibleWidth: -1
  m_FlexibleHeight: -1
  m_LayoutPriority: 1
--- !u!114 &2869509254570057527
MonoBehaviour:
  m_ObjectHideFlags: 0
  m_CorrespondingSourceObject: {fileID: 0}
  m_PrefabInstance: {fileID: 0}
  m_PrefabAsset: {fileID: 0}
  m_GameObject: {fileID: 8172862366964341098}
  m_Enabled: 1
  m_EditorHideFlags: 0
  m_Script: {fileID: 11500000, guid: 306cc8c2b49d7114eaa3623786fc2126, type: 3}
  m_Name: 
  m_EditorClassIdentifier: 
  m_IgnoreLayout: 0
  m_MinWidth: 80
  m_MinHeight: 45
  m_PreferredWidth: -1
  m_PreferredHeight: -1
  m_FlexibleWidth: -1
  m_FlexibleHeight: -1
  m_LayoutPriority: 1
--- !u!1001 &323519034594566003
PrefabInstance:
  m_ObjectHideFlags: 0
  serializedVersion: 2
  m_Modification:
    m_TransformParent: {fileID: 3666640799587478531}
    m_Modifications:
    - target: {fileID: 1476872296836631584, guid: d9f415e75ade4c04db1743f22306cb0a,
        type: 3}
      propertyPath: m_Name
      value: tag 8
      objectReference: {fileID: 0}
    - target: {fileID: 1476872296836631584, guid: d9f415e75ade4c04db1743f22306cb0a,
        type: 3}
      propertyPath: m_IsActive
      value: 0
      objectReference: {fileID: 0}
    - target: {fileID: 6036067473058125108, guid: d9f415e75ade4c04db1743f22306cb0a,
        type: 3}
      propertyPath: m_LocalPosition.x
      value: 0
      objectReference: {fileID: 0}
    - target: {fileID: 6036067473058125108, guid: d9f415e75ade4c04db1743f22306cb0a,
        type: 3}
      propertyPath: m_LocalPosition.y
      value: 0
      objectReference: {fileID: 0}
    - target: {fileID: 6036067473058125108, guid: d9f415e75ade4c04db1743f22306cb0a,
        type: 3}
      propertyPath: m_LocalPosition.z
      value: 0
      objectReference: {fileID: 0}
    - target: {fileID: 6036067473058125108, guid: d9f415e75ade4c04db1743f22306cb0a,
        type: 3}
      propertyPath: m_LocalRotation.x
      value: -0
      objectReference: {fileID: 0}
    - target: {fileID: 6036067473058125108, guid: d9f415e75ade4c04db1743f22306cb0a,
        type: 3}
      propertyPath: m_LocalRotation.y
      value: -0
      objectReference: {fileID: 0}
    - target: {fileID: 6036067473058125108, guid: d9f415e75ade4c04db1743f22306cb0a,
        type: 3}
      propertyPath: m_LocalRotation.z
      value: -0
      objectReference: {fileID: 0}
    - target: {fileID: 6036067473058125108, guid: d9f415e75ade4c04db1743f22306cb0a,
        type: 3}
      propertyPath: m_LocalRotation.w
      value: 1
      objectReference: {fileID: 0}
    - target: {fileID: 6036067473058125108, guid: d9f415e75ade4c04db1743f22306cb0a,
        type: 3}
      propertyPath: m_RootOrder
      value: 10
      objectReference: {fileID: 0}
    - target: {fileID: 6036067473058125108, guid: d9f415e75ade4c04db1743f22306cb0a,
        type: 3}
      propertyPath: m_LocalEulerAnglesHint.x
      value: 0
      objectReference: {fileID: 0}
    - target: {fileID: 6036067473058125108, guid: d9f415e75ade4c04db1743f22306cb0a,
        type: 3}
      propertyPath: m_LocalEulerAnglesHint.y
      value: 0
      objectReference: {fileID: 0}
    - target: {fileID: 6036067473058125108, guid: d9f415e75ade4c04db1743f22306cb0a,
        type: 3}
      propertyPath: m_LocalEulerAnglesHint.z
      value: 0
      objectReference: {fileID: 0}
    - target: {fileID: 6036067473058125108, guid: d9f415e75ade4c04db1743f22306cb0a,
        type: 3}
      propertyPath: m_AnchoredPosition.x
      value: 200
      objectReference: {fileID: 0}
    - target: {fileID: 6036067473058125108, guid: d9f415e75ade4c04db1743f22306cb0a,
        type: 3}
      propertyPath: m_AnchoredPosition.y
      value: -25
      objectReference: {fileID: 0}
    - target: {fileID: 6036067473058125108, guid: d9f415e75ade4c04db1743f22306cb0a,
        type: 3}
      propertyPath: m_SizeDelta.x
      value: 80
      objectReference: {fileID: 0}
    - target: {fileID: 6036067473058125108, guid: d9f415e75ade4c04db1743f22306cb0a,
        type: 3}
      propertyPath: m_SizeDelta.y
      value: 45
      objectReference: {fileID: 0}
    - target: {fileID: 6036067473058125108, guid: d9f415e75ade4c04db1743f22306cb0a,
        type: 3}
      propertyPath: m_AnchorMin.x
      value: 0
      objectReference: {fileID: 0}
    - target: {fileID: 6036067473058125108, guid: d9f415e75ade4c04db1743f22306cb0a,
        type: 3}
      propertyPath: m_AnchorMin.y
      value: 1
      objectReference: {fileID: 0}
    - target: {fileID: 6036067473058125108, guid: d9f415e75ade4c04db1743f22306cb0a,
        type: 3}
      propertyPath: m_AnchorMax.x
      value: 0
      objectReference: {fileID: 0}
    - target: {fileID: 6036067473058125108, guid: d9f415e75ade4c04db1743f22306cb0a,
        type: 3}
      propertyPath: m_AnchorMax.y
      value: 1
      objectReference: {fileID: 0}
    - target: {fileID: 6036067473058125108, guid: d9f415e75ade4c04db1743f22306cb0a,
        type: 3}
      propertyPath: m_Pivot.x
      value: 0.5
      objectReference: {fileID: 0}
    - target: {fileID: 6036067473058125108, guid: d9f415e75ade4c04db1743f22306cb0a,
        type: 3}
      propertyPath: m_Pivot.y
      value: 0.5
      objectReference: {fileID: 0}
    - target: {fileID: 7807418845018571528, guid: d9f415e75ade4c04db1743f22306cb0a,
        type: 3}
      propertyPath: m_LocalPosition.x
      value: 0
      objectReference: {fileID: 0}
    - target: {fileID: 7807418845018571528, guid: d9f415e75ade4c04db1743f22306cb0a,
        type: 3}
      propertyPath: m_LocalPosition.y
      value: 0
      objectReference: {fileID: 0}
    m_RemovedComponents: []
  m_SourcePrefab: {fileID: 100100000, guid: d9f415e75ade4c04db1743f22306cb0a, type: 3}
--- !u!114 &1485656930471472634 stripped
MonoBehaviour:
  m_CorrespondingSourceObject: {fileID: 1216890826195432073, guid: d9f415e75ade4c04db1743f22306cb0a,
    type: 3}
  m_PrefabInstance: {fileID: 323519034594566003}
  m_PrefabAsset: {fileID: 0}
  m_GameObject: {fileID: 1153969744937096019}
  m_Enabled: 1
  m_EditorHideFlags: 0
  m_Script: {fileID: 11500000, guid: 599c33457cd0ebd46b43f3845567455f, type: 3}
  m_Name: 
  m_EditorClassIdentifier: 
--- !u!224 &6321142633242380871 stripped
RectTransform:
  m_CorrespondingSourceObject: {fileID: 6036067473058125108, guid: d9f415e75ade4c04db1743f22306cb0a,
    type: 3}
  m_PrefabInstance: {fileID: 323519034594566003}
  m_PrefabAsset: {fileID: 0}
--- !u!1 &1153969744937096019 stripped
GameObject:
  m_CorrespondingSourceObject: {fileID: 1476872296836631584, guid: d9f415e75ade4c04db1743f22306cb0a,
    type: 3}
  m_PrefabInstance: {fileID: 323519034594566003}
  m_PrefabAsset: {fileID: 0}
--- !u!1001 &2516622856369718046
PrefabInstance:
  m_ObjectHideFlags: 0
  serializedVersion: 2
  m_Modification:
    m_TransformParent: {fileID: 3666640799587478531}
    m_Modifications:
    - target: {fileID: 1476872296836631584, guid: d9f415e75ade4c04db1743f22306cb0a,
        type: 3}
      propertyPath: m_Name
      value: tag 2
      objectReference: {fileID: 0}
    - target: {fileID: 1476872296836631584, guid: d9f415e75ade4c04db1743f22306cb0a,
        type: 3}
      propertyPath: m_IsActive
      value: 0
      objectReference: {fileID: 0}
    - target: {fileID: 6036067473058125108, guid: d9f415e75ade4c04db1743f22306cb0a,
        type: 3}
      propertyPath: m_LocalPosition.x
      value: 0
      objectReference: {fileID: 0}
    - target: {fileID: 6036067473058125108, guid: d9f415e75ade4c04db1743f22306cb0a,
        type: 3}
      propertyPath: m_LocalPosition.y
      value: 0
      objectReference: {fileID: 0}
    - target: {fileID: 6036067473058125108, guid: d9f415e75ade4c04db1743f22306cb0a,
        type: 3}
      propertyPath: m_LocalPosition.z
      value: 0
      objectReference: {fileID: 0}
    - target: {fileID: 6036067473058125108, guid: d9f415e75ade4c04db1743f22306cb0a,
        type: 3}
      propertyPath: m_LocalRotation.x
      value: -0
      objectReference: {fileID: 0}
    - target: {fileID: 6036067473058125108, guid: d9f415e75ade4c04db1743f22306cb0a,
        type: 3}
      propertyPath: m_LocalRotation.y
      value: -0
      objectReference: {fileID: 0}
    - target: {fileID: 6036067473058125108, guid: d9f415e75ade4c04db1743f22306cb0a,
        type: 3}
      propertyPath: m_LocalRotation.z
      value: -0
      objectReference: {fileID: 0}
    - target: {fileID: 6036067473058125108, guid: d9f415e75ade4c04db1743f22306cb0a,
        type: 3}
      propertyPath: m_LocalRotation.w
      value: 1
      objectReference: {fileID: 0}
    - target: {fileID: 6036067473058125108, guid: d9f415e75ade4c04db1743f22306cb0a,
        type: 3}
      propertyPath: m_RootOrder
      value: 3
      objectReference: {fileID: 0}
    - target: {fileID: 6036067473058125108, guid: d9f415e75ade4c04db1743f22306cb0a,
        type: 3}
      propertyPath: m_LocalEulerAnglesHint.x
      value: 0
      objectReference: {fileID: 0}
    - target: {fileID: 6036067473058125108, guid: d9f415e75ade4c04db1743f22306cb0a,
        type: 3}
      propertyPath: m_LocalEulerAnglesHint.y
      value: 0
      objectReference: {fileID: 0}
    - target: {fileID: 6036067473058125108, guid: d9f415e75ade4c04db1743f22306cb0a,
        type: 3}
      propertyPath: m_LocalEulerAnglesHint.z
      value: 0
      objectReference: {fileID: 0}
    - target: {fileID: 6036067473058125108, guid: d9f415e75ade4c04db1743f22306cb0a,
        type: 3}
      propertyPath: m_AnchoredPosition.x
      value: 120
      objectReference: {fileID: 0}
    - target: {fileID: 6036067473058125108, guid: d9f415e75ade4c04db1743f22306cb0a,
        type: 3}
      propertyPath: m_AnchoredPosition.y
      value: -25
      objectReference: {fileID: 0}
    - target: {fileID: 6036067473058125108, guid: d9f415e75ade4c04db1743f22306cb0a,
        type: 3}
      propertyPath: m_SizeDelta.x
      value: 80
      objectReference: {fileID: 0}
    - target: {fileID: 6036067473058125108, guid: d9f415e75ade4c04db1743f22306cb0a,
        type: 3}
      propertyPath: m_SizeDelta.y
      value: 45
      objectReference: {fileID: 0}
    - target: {fileID: 6036067473058125108, guid: d9f415e75ade4c04db1743f22306cb0a,
        type: 3}
      propertyPath: m_AnchorMin.x
      value: 0
      objectReference: {fileID: 0}
    - target: {fileID: 6036067473058125108, guid: d9f415e75ade4c04db1743f22306cb0a,
        type: 3}
      propertyPath: m_AnchorMin.y
      value: 1
      objectReference: {fileID: 0}
    - target: {fileID: 6036067473058125108, guid: d9f415e75ade4c04db1743f22306cb0a,
        type: 3}
      propertyPath: m_AnchorMax.x
      value: 0
      objectReference: {fileID: 0}
    - target: {fileID: 6036067473058125108, guid: d9f415e75ade4c04db1743f22306cb0a,
        type: 3}
      propertyPath: m_AnchorMax.y
      value: 1
      objectReference: {fileID: 0}
    - target: {fileID: 6036067473058125108, guid: d9f415e75ade4c04db1743f22306cb0a,
        type: 3}
      propertyPath: m_Pivot.x
      value: 0.5
      objectReference: {fileID: 0}
    - target: {fileID: 6036067473058125108, guid: d9f415e75ade4c04db1743f22306cb0a,
        type: 3}
      propertyPath: m_Pivot.y
      value: 0.5
      objectReference: {fileID: 0}
    - target: {fileID: 7807418845018571528, guid: d9f415e75ade4c04db1743f22306cb0a,
        type: 3}
      propertyPath: m_LocalPosition.x
      value: 0
      objectReference: {fileID: 0}
    - target: {fileID: 7807418845018571528, guid: d9f415e75ade4c04db1743f22306cb0a,
        type: 3}
      propertyPath: m_LocalPosition.y
      value: 0
      objectReference: {fileID: 0}
    m_RemovedComponents: []
  m_SourcePrefab: {fileID: 100100000, guid: d9f415e75ade4c04db1743f22306cb0a, type: 3}
--- !u!1 &3932258888603914046 stripped
GameObject:
  m_CorrespondingSourceObject: {fileID: 1476872296836631584, guid: d9f415e75ade4c04db1743f22306cb0a,
    type: 3}
  m_PrefabInstance: {fileID: 2516622856369718046}
  m_PrefabAsset: {fileID: 0}
--- !u!224 &8153974132449515050 stripped
RectTransform:
  m_CorrespondingSourceObject: {fileID: 6036067473058125108, guid: d9f415e75ade4c04db1743f22306cb0a,
    type: 3}
  m_PrefabInstance: {fileID: 2516622856369718046}
  m_PrefabAsset: {fileID: 0}
--- !u!114 &3607265538524623255 stripped
MonoBehaviour:
  m_CorrespondingSourceObject: {fileID: 1216890826195432073, guid: d9f415e75ade4c04db1743f22306cb0a,
    type: 3}
  m_PrefabInstance: {fileID: 2516622856369718046}
  m_PrefabAsset: {fileID: 0}
  m_GameObject: {fileID: 3932258888603914046}
  m_Enabled: 1
  m_EditorHideFlags: 0
  m_Script: {fileID: 11500000, guid: 599c33457cd0ebd46b43f3845567455f, type: 3}
  m_Name: 
  m_EditorClassIdentifier: 
--- !u!1001 &3369791324889705250
PrefabInstance:
  m_ObjectHideFlags: 0
  serializedVersion: 2
  m_Modification:
    m_TransformParent: {fileID: 3666640799587478531}
    m_Modifications:
    - target: {fileID: 1476872296836631584, guid: d9f415e75ade4c04db1743f22306cb0a,
        type: 3}
      propertyPath: m_Name
      value: tag 4
      objectReference: {fileID: 0}
    - target: {fileID: 1476872296836631584, guid: d9f415e75ade4c04db1743f22306cb0a,
        type: 3}
      propertyPath: m_IsActive
      value: 0
      objectReference: {fileID: 0}
    - target: {fileID: 6036067473058125108, guid: d9f415e75ade4c04db1743f22306cb0a,
        type: 3}
      propertyPath: m_LocalPosition.x
      value: 0
      objectReference: {fileID: 0}
    - target: {fileID: 6036067473058125108, guid: d9f415e75ade4c04db1743f22306cb0a,
        type: 3}
      propertyPath: m_LocalPosition.y
      value: 0
      objectReference: {fileID: 0}
    - target: {fileID: 6036067473058125108, guid: d9f415e75ade4c04db1743f22306cb0a,
        type: 3}
      propertyPath: m_LocalPosition.z
      value: 0
      objectReference: {fileID: 0}
    - target: {fileID: 6036067473058125108, guid: d9f415e75ade4c04db1743f22306cb0a,
        type: 3}
      propertyPath: m_LocalRotation.x
      value: -0
      objectReference: {fileID: 0}
    - target: {fileID: 6036067473058125108, guid: d9f415e75ade4c04db1743f22306cb0a,
        type: 3}
      propertyPath: m_LocalRotation.y
      value: -0
      objectReference: {fileID: 0}
    - target: {fileID: 6036067473058125108, guid: d9f415e75ade4c04db1743f22306cb0a,
        type: 3}
      propertyPath: m_LocalRotation.z
      value: -0
      objectReference: {fileID: 0}
    - target: {fileID: 6036067473058125108, guid: d9f415e75ade4c04db1743f22306cb0a,
        type: 3}
      propertyPath: m_LocalRotation.w
      value: 1
      objectReference: {fileID: 0}
    - target: {fileID: 6036067473058125108, guid: d9f415e75ade4c04db1743f22306cb0a,
        type: 3}
      propertyPath: m_RootOrder
      value: 5
      objectReference: {fileID: 0}
    - target: {fileID: 6036067473058125108, guid: d9f415e75ade4c04db1743f22306cb0a,
        type: 3}
      propertyPath: m_LocalEulerAnglesHint.x
      value: 0
      objectReference: {fileID: 0}
    - target: {fileID: 6036067473058125108, guid: d9f415e75ade4c04db1743f22306cb0a,
        type: 3}
      propertyPath: m_LocalEulerAnglesHint.y
      value: 0
      objectReference: {fileID: 0}
    - target: {fileID: 6036067473058125108, guid: d9f415e75ade4c04db1743f22306cb0a,
        type: 3}
      propertyPath: m_LocalEulerAnglesHint.z
      value: 0
      objectReference: {fileID: 0}
    - target: {fileID: 6036067473058125108, guid: d9f415e75ade4c04db1743f22306cb0a,
        type: 3}
      propertyPath: m_AnchoredPosition.x
      value: 200
      objectReference: {fileID: 0}
    - target: {fileID: 6036067473058125108, guid: d9f415e75ade4c04db1743f22306cb0a,
        type: 3}
      propertyPath: m_AnchoredPosition.y
      value: -25
      objectReference: {fileID: 0}
    - target: {fileID: 6036067473058125108, guid: d9f415e75ade4c04db1743f22306cb0a,
        type: 3}
      propertyPath: m_SizeDelta.x
      value: 80
      objectReference: {fileID: 0}
    - target: {fileID: 6036067473058125108, guid: d9f415e75ade4c04db1743f22306cb0a,
        type: 3}
      propertyPath: m_SizeDelta.y
      value: 45
      objectReference: {fileID: 0}
    - target: {fileID: 6036067473058125108, guid: d9f415e75ade4c04db1743f22306cb0a,
        type: 3}
      propertyPath: m_AnchorMin.x
      value: 0
      objectReference: {fileID: 0}
    - target: {fileID: 6036067473058125108, guid: d9f415e75ade4c04db1743f22306cb0a,
        type: 3}
      propertyPath: m_AnchorMin.y
      value: 1
      objectReference: {fileID: 0}
    - target: {fileID: 6036067473058125108, guid: d9f415e75ade4c04db1743f22306cb0a,
        type: 3}
      propertyPath: m_AnchorMax.x
      value: 0
      objectReference: {fileID: 0}
    - target: {fileID: 6036067473058125108, guid: d9f415e75ade4c04db1743f22306cb0a,
        type: 3}
      propertyPath: m_AnchorMax.y
      value: 1
      objectReference: {fileID: 0}
    - target: {fileID: 6036067473058125108, guid: d9f415e75ade4c04db1743f22306cb0a,
        type: 3}
      propertyPath: m_Pivot.x
      value: 0.5
      objectReference: {fileID: 0}
    - target: {fileID: 6036067473058125108, guid: d9f415e75ade4c04db1743f22306cb0a,
        type: 3}
      propertyPath: m_Pivot.y
      value: 0.5
      objectReference: {fileID: 0}
    - target: {fileID: 7807418845018571528, guid: d9f415e75ade4c04db1743f22306cb0a,
        type: 3}
      propertyPath: m_LocalPosition.x
      value: 0
      objectReference: {fileID: 0}
    - target: {fileID: 7807418845018571528, guid: d9f415e75ade4c04db1743f22306cb0a,
        type: 3}
      propertyPath: m_LocalPosition.y
      value: 0
      objectReference: {fileID: 0}
    m_RemovedComponents: []
  m_SourcePrefab: {fileID: 100100000, guid: d9f415e75ade4c04db1743f22306cb0a, type: 3}
--- !u!1 &4232540171044546306 stripped
GameObject:
  m_CorrespondingSourceObject: {fileID: 1476872296836631584, guid: d9f415e75ade4c04db1743f22306cb0a,
    type: 3}
  m_PrefabInstance: {fileID: 3369791324889705250}
  m_PrefabAsset: {fileID: 0}
--- !u!224 &9009323759321300502 stripped
RectTransform:
  m_CorrespondingSourceObject: {fileID: 6036067473058125108, guid: d9f415e75ade4c04db1743f22306cb0a,
    type: 3}
  m_PrefabInstance: {fileID: 3369791324889705250}
  m_PrefabAsset: {fileID: 0}
--- !u!114 &4476759008638736811 stripped
MonoBehaviour:
  m_CorrespondingSourceObject: {fileID: 1216890826195432073, guid: d9f415e75ade4c04db1743f22306cb0a,
    type: 3}
  m_PrefabInstance: {fileID: 3369791324889705250}
  m_PrefabAsset: {fileID: 0}
  m_GameObject: {fileID: 4232540171044546306}
  m_Enabled: 1
  m_EditorHideFlags: 0
  m_Script: {fileID: 11500000, guid: 599c33457cd0ebd46b43f3845567455f, type: 3}
  m_Name: 
  m_EditorClassIdentifier: 
--- !u!1001 &4002055606881111131
PrefabInstance:
  m_ObjectHideFlags: 0
  serializedVersion: 2
  m_Modification:
    m_TransformParent: {fileID: 3666640799587478531}
    m_Modifications:
    - target: {fileID: 1476872296836631584, guid: d9f415e75ade4c04db1743f22306cb0a,
        type: 3}
      propertyPath: m_Name
      value: tag 1
      objectReference: {fileID: 0}
    - target: {fileID: 6036067473058125108, guid: d9f415e75ade4c04db1743f22306cb0a,
        type: 3}
      propertyPath: m_LocalPosition.x
      value: 0
      objectReference: {fileID: 0}
    - target: {fileID: 6036067473058125108, guid: d9f415e75ade4c04db1743f22306cb0a,
        type: 3}
      propertyPath: m_LocalPosition.y
      value: 0
      objectReference: {fileID: 0}
    - target: {fileID: 6036067473058125108, guid: d9f415e75ade4c04db1743f22306cb0a,
        type: 3}
      propertyPath: m_LocalPosition.z
      value: 0
      objectReference: {fileID: 0}
    - target: {fileID: 6036067473058125108, guid: d9f415e75ade4c04db1743f22306cb0a,
        type: 3}
      propertyPath: m_LocalRotation.x
      value: -0
      objectReference: {fileID: 0}
    - target: {fileID: 6036067473058125108, guid: d9f415e75ade4c04db1743f22306cb0a,
        type: 3}
      propertyPath: m_LocalRotation.y
      value: -0
      objectReference: {fileID: 0}
    - target: {fileID: 6036067473058125108, guid: d9f415e75ade4c04db1743f22306cb0a,
        type: 3}
      propertyPath: m_LocalRotation.z
      value: -0
      objectReference: {fileID: 0}
    - target: {fileID: 6036067473058125108, guid: d9f415e75ade4c04db1743f22306cb0a,
        type: 3}
      propertyPath: m_LocalRotation.w
      value: 1
      objectReference: {fileID: 0}
    - target: {fileID: 6036067473058125108, guid: d9f415e75ade4c04db1743f22306cb0a,
        type: 3}
      propertyPath: m_RootOrder
      value: 2
      objectReference: {fileID: 0}
    - target: {fileID: 6036067473058125108, guid: d9f415e75ade4c04db1743f22306cb0a,
        type: 3}
      propertyPath: m_LocalEulerAnglesHint.x
      value: 0
      objectReference: {fileID: 0}
    - target: {fileID: 6036067473058125108, guid: d9f415e75ade4c04db1743f22306cb0a,
        type: 3}
      propertyPath: m_LocalEulerAnglesHint.y
      value: 0
      objectReference: {fileID: 0}
    - target: {fileID: 6036067473058125108, guid: d9f415e75ade4c04db1743f22306cb0a,
        type: 3}
      propertyPath: m_LocalEulerAnglesHint.z
      value: 0
      objectReference: {fileID: 0}
    - target: {fileID: 6036067473058125108, guid: d9f415e75ade4c04db1743f22306cb0a,
        type: 3}
      propertyPath: m_AnchoredPosition.x
      value: 0
      objectReference: {fileID: 0}
    - target: {fileID: 6036067473058125108, guid: d9f415e75ade4c04db1743f22306cb0a,
        type: 3}
      propertyPath: m_AnchoredPosition.y
      value: 0
      objectReference: {fileID: 0}
    - target: {fileID: 6036067473058125108, guid: d9f415e75ade4c04db1743f22306cb0a,
        type: 3}
      propertyPath: m_SizeDelta.x
      value: 0
      objectReference: {fileID: 0}
    - target: {fileID: 6036067473058125108, guid: d9f415e75ade4c04db1743f22306cb0a,
        type: 3}
      propertyPath: m_SizeDelta.y
      value: 0
      objectReference: {fileID: 0}
    - target: {fileID: 6036067473058125108, guid: d9f415e75ade4c04db1743f22306cb0a,
        type: 3}
      propertyPath: m_AnchorMin.x
      value: 0
      objectReference: {fileID: 0}
    - target: {fileID: 6036067473058125108, guid: d9f415e75ade4c04db1743f22306cb0a,
        type: 3}
      propertyPath: m_AnchorMin.y
      value: 0
      objectReference: {fileID: 0}
    - target: {fileID: 6036067473058125108, guid: d9f415e75ade4c04db1743f22306cb0a,
        type: 3}
      propertyPath: m_AnchorMax.x
      value: 0
      objectReference: {fileID: 0}
    - target: {fileID: 6036067473058125108, guid: d9f415e75ade4c04db1743f22306cb0a,
        type: 3}
      propertyPath: m_AnchorMax.y
      value: 0
      objectReference: {fileID: 0}
    - target: {fileID: 6036067473058125108, guid: d9f415e75ade4c04db1743f22306cb0a,
        type: 3}
      propertyPath: m_Pivot.x
      value: 0.5
      objectReference: {fileID: 0}
    - target: {fileID: 6036067473058125108, guid: d9f415e75ade4c04db1743f22306cb0a,
        type: 3}
      propertyPath: m_Pivot.y
      value: 0.5
      objectReference: {fileID: 0}
    - target: {fileID: 7807418845018571528, guid: d9f415e75ade4c04db1743f22306cb0a,
        type: 3}
      propertyPath: m_LocalPosition.x
      value: 0
      objectReference: {fileID: 0}
    - target: {fileID: 7807418845018571528, guid: d9f415e75ade4c04db1743f22306cb0a,
        type: 3}
      propertyPath: m_LocalPosition.y
      value: 0
      objectReference: {fileID: 0}
    - target: {fileID: 7807418845018571531, guid: d9f415e75ade4c04db1743f22306cb0a,
        type: 3}
      propertyPath: m_text
      value: "\u5C71\u6C34"
      objectReference: {fileID: 0}
    m_RemovedComponents: []
  m_SourcePrefab: {fileID: 100100000, guid: d9f415e75ade4c04db1743f22306cb0a, type: 3}
--- !u!1 &2590924219043954811 stripped
GameObject:
  m_CorrespondingSourceObject: {fileID: 1476872296836631584, guid: d9f415e75ade4c04db1743f22306cb0a,
    type: 3}
  m_PrefabInstance: {fileID: 4002055606881111131}
  m_PrefabAsset: {fileID: 0}
--- !u!224 &7227788376960211311 stripped
RectTransform:
  m_CorrespondingSourceObject: {fileID: 6036067473058125108, guid: d9f415e75ade4c04db1743f22306cb0a,
    type: 3}
  m_PrefabInstance: {fileID: 4002055606881111131}
  m_PrefabAsset: {fileID: 0}
--- !u!114 &2839919360784285394 stripped
MonoBehaviour:
  m_CorrespondingSourceObject: {fileID: 1216890826195432073, guid: d9f415e75ade4c04db1743f22306cb0a,
    type: 3}
  m_PrefabInstance: {fileID: 4002055606881111131}
  m_PrefabAsset: {fileID: 0}
  m_GameObject: {fileID: 2590924219043954811}
  m_Enabled: 1
  m_EditorHideFlags: 0
  m_Script: {fileID: 11500000, guid: 599c33457cd0ebd46b43f3845567455f, type: 3}
  m_Name: 
  m_EditorClassIdentifier: 
--- !u!1001 &4036206994407592100
PrefabInstance:
  m_ObjectHideFlags: 0
  serializedVersion: 2
  m_Modification:
    m_TransformParent: {fileID: 3666640799587478531}
    m_Modifications:
    - target: {fileID: 6305279713964894237, guid: eeb25d01c648bcb41900fa7b5166f942,
        type: 3}
      propertyPath: m_RootOrder
      value: 0
      objectReference: {fileID: 0}
    - target: {fileID: 6305279715080002352, guid: eeb25d01c648bcb41900fa7b5166f942,
        type: 3}
      propertyPath: m_text
      value: "\u989D\u5916\u83B7\u5F97"
      objectReference: {fileID: 0}
    - target: {fileID: 6305279715080002352, guid: eeb25d01c648bcb41900fa7b5166f942,
        type: 3}
      propertyPath: m_margin.z
      value: -5
      objectReference: {fileID: 0}
    - target: {fileID: 6305279715080002352, guid: eeb25d01c648bcb41900fa7b5166f942,
        type: 3}
      propertyPath: m_margin.w
      value: 0
      objectReference: {fileID: 0}
    - target: {fileID: 6305279715080002352, guid: eeb25d01c648bcb41900fa7b5166f942,
        type: 3}
      propertyPath: m_margin.y
      value: 0
      objectReference: {fileID: 0}
    - target: {fileID: 6305279715080002352, guid: eeb25d01c648bcb41900fa7b5166f942,
        type: 3}
      propertyPath: m_margin.x
      value: 5
      objectReference: {fileID: 0}
    - target: {fileID: 6305279715080002354, guid: eeb25d01c648bcb41900fa7b5166f942,
        type: 3}
      propertyPath: m_Name
      value: suffix
      objectReference: {fileID: 0}
    - target: {fileID: 6305279715080002355, guid: eeb25d01c648bcb41900fa7b5166f942,
        type: 3}
      propertyPath: m_LocalPosition.x
      value: 0
      objectReference: {fileID: 0}
    - target: {fileID: 6305279715080002355, guid: eeb25d01c648bcb41900fa7b5166f942,
        type: 3}
      propertyPath: m_LocalPosition.y
      value: 0
      objectReference: {fileID: 0}
    - target: {fileID: 6305279715080002355, guid: eeb25d01c648bcb41900fa7b5166f942,
        type: 3}
      propertyPath: m_LocalPosition.z
      value: 0
      objectReference: {fileID: 0}
    - target: {fileID: 6305279715080002355, guid: eeb25d01c648bcb41900fa7b5166f942,
        type: 3}
      propertyPath: m_LocalRotation.x
      value: 0
      objectReference: {fileID: 0}
    - target: {fileID: 6305279715080002355, guid: eeb25d01c648bcb41900fa7b5166f942,
        type: 3}
      propertyPath: m_LocalRotation.y
      value: 0
      objectReference: {fileID: 0}
    - target: {fileID: 6305279715080002355, guid: eeb25d01c648bcb41900fa7b5166f942,
        type: 3}
      propertyPath: m_LocalRotation.z
      value: 0
      objectReference: {fileID: 0}
    - target: {fileID: 6305279715080002355, guid: eeb25d01c648bcb41900fa7b5166f942,
        type: 3}
      propertyPath: m_LocalRotation.w
      value: 1
      objectReference: {fileID: 0}
    - target: {fileID: 6305279715080002355, guid: eeb25d01c648bcb41900fa7b5166f942,
        type: 3}
      propertyPath: m_RootOrder
      value: 11
      objectReference: {fileID: 0}
    - target: {fileID: 6305279715080002355, guid: eeb25d01c648bcb41900fa7b5166f942,
        type: 3}
      propertyPath: m_LocalEulerAnglesHint.x
      value: 0
      objectReference: {fileID: 0}
    - target: {fileID: 6305279715080002355, guid: eeb25d01c648bcb41900fa7b5166f942,
        type: 3}
      propertyPath: m_LocalEulerAnglesHint.y
      value: 0
      objectReference: {fileID: 0}
    - target: {fileID: 6305279715080002355, guid: eeb25d01c648bcb41900fa7b5166f942,
        type: 3}
      propertyPath: m_LocalEulerAnglesHint.z
      value: 0
      objectReference: {fileID: 0}
    - target: {fileID: 6305279715080002355, guid: eeb25d01c648bcb41900fa7b5166f942,
        type: 3}
      propertyPath: m_AnchoredPosition.x
      value: 0
      objectReference: {fileID: 0}
    - target: {fileID: 6305279715080002355, guid: eeb25d01c648bcb41900fa7b5166f942,
        type: 3}
      propertyPath: m_AnchoredPosition.y
      value: 0
      objectReference: {fileID: 0}
    - target: {fileID: 6305279715080002355, guid: eeb25d01c648bcb41900fa7b5166f942,
        type: 3}
      propertyPath: m_SizeDelta.x
      value: 0
      objectReference: {fileID: 0}
    - target: {fileID: 6305279715080002355, guid: eeb25d01c648bcb41900fa7b5166f942,
        type: 3}
      propertyPath: m_SizeDelta.y
      value: 0
      objectReference: {fileID: 0}
    - target: {fileID: 6305279715080002355, guid: eeb25d01c648bcb41900fa7b5166f942,
        type: 3}
      propertyPath: m_AnchorMin.x
      value: 0
      objectReference: {fileID: 0}
    - target: {fileID: 6305279715080002355, guid: eeb25d01c648bcb41900fa7b5166f942,
        type: 3}
      propertyPath: m_AnchorMin.y
      value: 0
      objectReference: {fileID: 0}
    - target: {fileID: 6305279715080002355, guid: eeb25d01c648bcb41900fa7b5166f942,
        type: 3}
      propertyPath: m_AnchorMax.x
      value: 0
      objectReference: {fileID: 0}
    - target: {fileID: 6305279715080002355, guid: eeb25d01c648bcb41900fa7b5166f942,
        type: 3}
      propertyPath: m_AnchorMax.y
      value: 0
      objectReference: {fileID: 0}
    - target: {fileID: 6305279715080002355, guid: eeb25d01c648bcb41900fa7b5166f942,
        type: 3}
      propertyPath: m_Pivot.x
      value: 0.5
      objectReference: {fileID: 0}
    - target: {fileID: 6305279715080002355, guid: eeb25d01c648bcb41900fa7b5166f942,
        type: 3}
      propertyPath: m_Pivot.y
      value: 0.5
      objectReference: {fileID: 0}
    m_RemovedComponents: []
  m_SourcePrefab: {fileID: 100100000, guid: eeb25d01c648bcb41900fa7b5166f942, type: 3}
--- !u!224 &8035449358085082007 stripped
RectTransform:
  m_CorrespondingSourceObject: {fileID: 6305279715080002355, guid: eeb25d01c648bcb41900fa7b5166f942,
    type: 3}
  m_PrefabInstance: {fileID: 4036206994407592100}
  m_PrefabAsset: {fileID: 0}
--- !u!114 &5061684666744067261 stripped
MonoBehaviour:
  m_CorrespondingSourceObject: {fileID: 9096650583775822873, guid: eeb25d01c648bcb41900fa7b5166f942,
    type: 3}
  m_PrefabInstance: {fileID: 4036206994407592100}
  m_PrefabAsset: {fileID: 0}
  m_GameObject: {fileID: 0}
  m_Enabled: 1
  m_EditorHideFlags: 0
  m_Script: {fileID: 11500000, guid: 366e5fcf4374db04ca4e6b17b07f10b7, type: 3}
  m_Name: 
  m_EditorClassIdentifier: 
--- !u!1001 &4569246107224408060
PrefabInstance:
  m_ObjectHideFlags: 0
  serializedVersion: 2
  m_Modification:
    m_TransformParent: {fileID: 3666640799587478531}
    m_Modifications:
    - target: {fileID: 1476872296836631584, guid: d9f415e75ade4c04db1743f22306cb0a,
        type: 3}
      propertyPath: m_Name
      value: tag 7
      objectReference: {fileID: 0}
    - target: {fileID: 1476872296836631584, guid: d9f415e75ade4c04db1743f22306cb0a,
        type: 3}
      propertyPath: m_IsActive
      value: 0
      objectReference: {fileID: 0}
    - target: {fileID: 6036067473058125108, guid: d9f415e75ade4c04db1743f22306cb0a,
        type: 3}
      propertyPath: m_LocalPosition.x
      value: 0
      objectReference: {fileID: 0}
    - target: {fileID: 6036067473058125108, guid: d9f415e75ade4c04db1743f22306cb0a,
        type: 3}
      propertyPath: m_LocalPosition.y
      value: 0
      objectReference: {fileID: 0}
    - target: {fileID: 6036067473058125108, guid: d9f415e75ade4c04db1743f22306cb0a,
        type: 3}
      propertyPath: m_LocalPosition.z
      value: 0
      objectReference: {fileID: 0}
    - target: {fileID: 6036067473058125108, guid: d9f415e75ade4c04db1743f22306cb0a,
        type: 3}
      propertyPath: m_LocalRotation.x
      value: -0
      objectReference: {fileID: 0}
    - target: {fileID: 6036067473058125108, guid: d9f415e75ade4c04db1743f22306cb0a,
        type: 3}
      propertyPath: m_LocalRotation.y
      value: -0
      objectReference: {fileID: 0}
    - target: {fileID: 6036067473058125108, guid: d9f415e75ade4c04db1743f22306cb0a,
        type: 3}
      propertyPath: m_LocalRotation.z
      value: -0
      objectReference: {fileID: 0}
    - target: {fileID: 6036067473058125108, guid: d9f415e75ade4c04db1743f22306cb0a,
        type: 3}
      propertyPath: m_LocalRotation.w
      value: 1
      objectReference: {fileID: 0}
    - target: {fileID: 6036067473058125108, guid: d9f415e75ade4c04db1743f22306cb0a,
        type: 3}
      propertyPath: m_RootOrder
      value: 9
      objectReference: {fileID: 0}
    - target: {fileID: 6036067473058125108, guid: d9f415e75ade4c04db1743f22306cb0a,
        type: 3}
      propertyPath: m_LocalEulerAnglesHint.x
      value: 0
      objectReference: {fileID: 0}
    - target: {fileID: 6036067473058125108, guid: d9f415e75ade4c04db1743f22306cb0a,
        type: 3}
      propertyPath: m_LocalEulerAnglesHint.y
      value: 0
      objectReference: {fileID: 0}
    - target: {fileID: 6036067473058125108, guid: d9f415e75ade4c04db1743f22306cb0a,
        type: 3}
      propertyPath: m_LocalEulerAnglesHint.z
      value: 0
      objectReference: {fileID: 0}
    - target: {fileID: 6036067473058125108, guid: d9f415e75ade4c04db1743f22306cb0a,
        type: 3}
      propertyPath: m_AnchoredPosition.x
      value: 200
      objectReference: {fileID: 0}
    - target: {fileID: 6036067473058125108, guid: d9f415e75ade4c04db1743f22306cb0a,
        type: 3}
      propertyPath: m_AnchoredPosition.y
      value: -25
      objectReference: {fileID: 0}
    - target: {fileID: 6036067473058125108, guid: d9f415e75ade4c04db1743f22306cb0a,
        type: 3}
      propertyPath: m_SizeDelta.x
      value: 80
      objectReference: {fileID: 0}
    - target: {fileID: 6036067473058125108, guid: d9f415e75ade4c04db1743f22306cb0a,
        type: 3}
      propertyPath: m_SizeDelta.y
      value: 45
      objectReference: {fileID: 0}
    - target: {fileID: 6036067473058125108, guid: d9f415e75ade4c04db1743f22306cb0a,
        type: 3}
      propertyPath: m_AnchorMin.x
      value: 0
      objectReference: {fileID: 0}
    - target: {fileID: 6036067473058125108, guid: d9f415e75ade4c04db1743f22306cb0a,
        type: 3}
      propertyPath: m_AnchorMin.y
      value: 1
      objectReference: {fileID: 0}
    - target: {fileID: 6036067473058125108, guid: d9f415e75ade4c04db1743f22306cb0a,
        type: 3}
      propertyPath: m_AnchorMax.x
      value: 0
      objectReference: {fileID: 0}
    - target: {fileID: 6036067473058125108, guid: d9f415e75ade4c04db1743f22306cb0a,
        type: 3}
      propertyPath: m_AnchorMax.y
      value: 1
      objectReference: {fileID: 0}
    - target: {fileID: 6036067473058125108, guid: d9f415e75ade4c04db1743f22306cb0a,
        type: 3}
      propertyPath: m_Pivot.x
      value: 0.5
      objectReference: {fileID: 0}
    - target: {fileID: 6036067473058125108, guid: d9f415e75ade4c04db1743f22306cb0a,
        type: 3}
      propertyPath: m_Pivot.y
      value: 0.5
      objectReference: {fileID: 0}
    - target: {fileID: 7807418845018571528, guid: d9f415e75ade4c04db1743f22306cb0a,
        type: 3}
      propertyPath: m_LocalPosition.x
      value: 0
      objectReference: {fileID: 0}
    - target: {fileID: 7807418845018571528, guid: d9f415e75ade4c04db1743f22306cb0a,
        type: 3}
      propertyPath: m_LocalPosition.y
      value: 0
      objectReference: {fileID: 0}
    m_RemovedComponents: []
  m_SourcePrefab: {fileID: 100100000, guid: d9f415e75ade4c04db1743f22306cb0a, type: 3}
--- !u!1 &3105195278544827356 stripped
GameObject:
  m_CorrespondingSourceObject: {fileID: 1476872296836631584, guid: d9f415e75ade4c04db1743f22306cb0a,
    type: 3}
  m_PrefabInstance: {fileID: 4569246107224408060}
  m_PrefabAsset: {fileID: 0}
--- !u!224 &7831005773904292552 stripped
RectTransform:
  m_CorrespondingSourceObject: {fileID: 6036067473058125108, guid: d9f415e75ade4c04db1743f22306cb0a,
    type: 3}
  m_PrefabInstance: {fileID: 4569246107224408060}
  m_PrefabAsset: {fileID: 0}
--- !u!114 &3425685579692313973 stripped
MonoBehaviour:
  m_CorrespondingSourceObject: {fileID: 1216890826195432073, guid: d9f415e75ade4c04db1743f22306cb0a,
    type: 3}
  m_PrefabInstance: {fileID: 4569246107224408060}
  m_PrefabAsset: {fileID: 0}
  m_GameObject: {fileID: 3105195278544827356}
  m_Enabled: 1
  m_EditorHideFlags: 0
  m_Script: {fileID: 11500000, guid: 599c33457cd0ebd46b43f3845567455f, type: 3}
  m_Name: 
  m_EditorClassIdentifier: 
--- !u!1001 &5211719730347188084
PrefabInstance:
  m_ObjectHideFlags: 0
  serializedVersion: 2
  m_Modification:
    m_TransformParent: {fileID: 3666640799587478531}
    m_Modifications:
    - target: {fileID: 6305279713964894237, guid: eeb25d01c648bcb41900fa7b5166f942,
        type: 3}
      propertyPath: m_RootOrder
      value: 0
      objectReference: {fileID: 0}
    - target: {fileID: 6305279715080002352, guid: eeb25d01c648bcb41900fa7b5166f942,
        type: 3}
      propertyPath: m_text
      value: +
      objectReference: {fileID: 0}
    - target: {fileID: 6305279715080002352, guid: eeb25d01c648bcb41900fa7b5166f942,
        type: 3}
      propertyPath: m_margin.z
      value: 5
      objectReference: {fileID: 0}
    - target: {fileID: 6305279715080002352, guid: eeb25d01c648bcb41900fa7b5166f942,
        type: 3}
      propertyPath: m_margin.w
      value: 0
      objectReference: {fileID: 0}
    - target: {fileID: 6305279715080002352, guid: eeb25d01c648bcb41900fa7b5166f942,
        type: 3}
      propertyPath: m_margin.y
      value: 0
      objectReference: {fileID: 0}
    - target: {fileID: 6305279715080002352, guid: eeb25d01c648bcb41900fa7b5166f942,
        type: 3}
      propertyPath: m_margin.x
      value: 0
      objectReference: {fileID: 0}
    - target: {fileID: 6305279715080002354, guid: eeb25d01c648bcb41900fa7b5166f942,
        type: 3}
      propertyPath: m_Name
      value: midfix
      objectReference: {fileID: 0}
    - target: {fileID: 6305279715080002355, guid: eeb25d01c648bcb41900fa7b5166f942,
        type: 3}
      propertyPath: m_LocalPosition.x
      value: 0
      objectReference: {fileID: 0}
    - target: {fileID: 6305279715080002355, guid: eeb25d01c648bcb41900fa7b5166f942,
        type: 3}
      propertyPath: m_LocalPosition.y
      value: 0
      objectReference: {fileID: 0}
    - target: {fileID: 6305279715080002355, guid: eeb25d01c648bcb41900fa7b5166f942,
        type: 3}
      propertyPath: m_LocalPosition.z
      value: 0
      objectReference: {fileID: 0}
    - target: {fileID: 6305279715080002355, guid: eeb25d01c648bcb41900fa7b5166f942,
        type: 3}
      propertyPath: m_LocalRotation.x
      value: 0
      objectReference: {fileID: 0}
    - target: {fileID: 6305279715080002355, guid: eeb25d01c648bcb41900fa7b5166f942,
        type: 3}
      propertyPath: m_LocalRotation.y
      value: 0
      objectReference: {fileID: 0}
    - target: {fileID: 6305279715080002355, guid: eeb25d01c648bcb41900fa7b5166f942,
        type: 3}
      propertyPath: m_LocalRotation.z
      value: 0
      objectReference: {fileID: 0}
    - target: {fileID: 6305279715080002355, guid: eeb25d01c648bcb41900fa7b5166f942,
        type: 3}
      propertyPath: m_LocalRotation.w
      value: 1
      objectReference: {fileID: 0}
    - target: {fileID: 6305279715080002355, guid: eeb25d01c648bcb41900fa7b5166f942,
        type: 3}
      propertyPath: m_RootOrder
      value: 6
      objectReference: {fileID: 0}
    - target: {fileID: 6305279715080002355, guid: eeb25d01c648bcb41900fa7b5166f942,
        type: 3}
      propertyPath: m_LocalEulerAnglesHint.x
      value: 0
      objectReference: {fileID: 0}
    - target: {fileID: 6305279715080002355, guid: eeb25d01c648bcb41900fa7b5166f942,
        type: 3}
      propertyPath: m_LocalEulerAnglesHint.y
      value: 0
      objectReference: {fileID: 0}
    - target: {fileID: 6305279715080002355, guid: eeb25d01c648bcb41900fa7b5166f942,
        type: 3}
      propertyPath: m_LocalEulerAnglesHint.z
      value: 0
      objectReference: {fileID: 0}
    - target: {fileID: 6305279715080002355, guid: eeb25d01c648bcb41900fa7b5166f942,
        type: 3}
      propertyPath: m_AnchoredPosition.x
      value: 0
      objectReference: {fileID: 0}
    - target: {fileID: 6305279715080002355, guid: eeb25d01c648bcb41900fa7b5166f942,
        type: 3}
      propertyPath: m_AnchoredPosition.y
      value: 0
      objectReference: {fileID: 0}
    - target: {fileID: 6305279715080002355, guid: eeb25d01c648bcb41900fa7b5166f942,
        type: 3}
      propertyPath: m_SizeDelta.x
      value: 0
      objectReference: {fileID: 0}
    - target: {fileID: 6305279715080002355, guid: eeb25d01c648bcb41900fa7b5166f942,
        type: 3}
      propertyPath: m_SizeDelta.y
      value: 0
      objectReference: {fileID: 0}
    - target: {fileID: 6305279715080002355, guid: eeb25d01c648bcb41900fa7b5166f942,
        type: 3}
      propertyPath: m_AnchorMin.x
      value: 0
      objectReference: {fileID: 0}
    - target: {fileID: 6305279715080002355, guid: eeb25d01c648bcb41900fa7b5166f942,
        type: 3}
      propertyPath: m_AnchorMin.y
      value: 0
      objectReference: {fileID: 0}
    - target: {fileID: 6305279715080002355, guid: eeb25d01c648bcb41900fa7b5166f942,
        type: 3}
      propertyPath: m_AnchorMax.x
      value: 0
      objectReference: {fileID: 0}
    - target: {fileID: 6305279715080002355, guid: eeb25d01c648bcb41900fa7b5166f942,
        type: 3}
      propertyPath: m_AnchorMax.y
      value: 0
      objectReference: {fileID: 0}
    - target: {fileID: 6305279715080002355, guid: eeb25d01c648bcb41900fa7b5166f942,
        type: 3}
      propertyPath: m_Pivot.x
      value: 0.5
      objectReference: {fileID: 0}
    - target: {fileID: 6305279715080002355, guid: eeb25d01c648bcb41900fa7b5166f942,
        type: 3}
      propertyPath: m_Pivot.y
      value: 0.5
      objectReference: {fileID: 0}
    m_RemovedComponents: []
  m_SourcePrefab: {fileID: 100100000, guid: eeb25d01c648bcb41900fa7b5166f942, type: 3}
--- !u!114 &3922200942039260013 stripped
MonoBehaviour:
  m_CorrespondingSourceObject: {fileID: 9096650583775822873, guid: eeb25d01c648bcb41900fa7b5166f942,
    type: 3}
  m_PrefabInstance: {fileID: 5211719730347188084}
  m_PrefabAsset: {fileID: 0}
  m_GameObject: {fileID: 0}
  m_Enabled: 1
  m_EditorHideFlags: 0
  m_Script: {fileID: 11500000, guid: 366e5fcf4374db04ca4e6b17b07f10b7, type: 3}
  m_Name: 
  m_EditorClassIdentifier: 
--- !u!224 &2293287708064007239 stripped
RectTransform:
  m_CorrespondingSourceObject: {fileID: 6305279715080002355, guid: eeb25d01c648bcb41900fa7b5166f942,
    type: 3}
  m_PrefabInstance: {fileID: 5211719730347188084}
  m_PrefabAsset: {fileID: 0}
--- !u!1001 &5715839267411378507
PrefabInstance:
  m_ObjectHideFlags: 0
  serializedVersion: 2
  m_Modification:
    m_TransformParent: {fileID: 3666640799587478531}
    m_Modifications:
    - target: {fileID: 1690660553362069979, guid: 9fe9fca38934f804a9a471e8a97a2087,
        type: 3}
      propertyPath: m_Name
      value: star_s
      objectReference: {fileID: 0}
    - target: {fileID: 5822277136661217487, guid: 9fe9fca38934f804a9a471e8a97a2087,
        type: 3}
      propertyPath: m_LocalPosition.x
      value: 0
      objectReference: {fileID: 0}
    - target: {fileID: 5822277136661217487, guid: 9fe9fca38934f804a9a471e8a97a2087,
        type: 3}
      propertyPath: m_LocalPosition.y
      value: 0
      objectReference: {fileID: 0}
    - target: {fileID: 5822277136661217487, guid: 9fe9fca38934f804a9a471e8a97a2087,
        type: 3}
      propertyPath: m_LocalPosition.z
      value: 0
      objectReference: {fileID: 0}
    - target: {fileID: 5822277136661217487, guid: 9fe9fca38934f804a9a471e8a97a2087,
        type: 3}
      propertyPath: m_LocalRotation.x
      value: -0
      objectReference: {fileID: 0}
    - target: {fileID: 5822277136661217487, guid: 9fe9fca38934f804a9a471e8a97a2087,
        type: 3}
      propertyPath: m_LocalRotation.y
      value: -0
      objectReference: {fileID: 0}
    - target: {fileID: 5822277136661217487, guid: 9fe9fca38934f804a9a471e8a97a2087,
        type: 3}
      propertyPath: m_LocalRotation.z
      value: -0
      objectReference: {fileID: 0}
    - target: {fileID: 5822277136661217487, guid: 9fe9fca38934f804a9a471e8a97a2087,
        type: 3}
      propertyPath: m_LocalRotation.w
      value: 1
      objectReference: {fileID: 0}
    - target: {fileID: 5822277136661217487, guid: 9fe9fca38934f804a9a471e8a97a2087,
        type: 3}
      propertyPath: m_RootOrder
      value: 12
      objectReference: {fileID: 0}
    - target: {fileID: 5822277136661217487, guid: 9fe9fca38934f804a9a471e8a97a2087,
        type: 3}
      propertyPath: m_LocalEulerAnglesHint.x
      value: 0
      objectReference: {fileID: 0}
    - target: {fileID: 5822277136661217487, guid: 9fe9fca38934f804a9a471e8a97a2087,
        type: 3}
      propertyPath: m_LocalEulerAnglesHint.y
      value: 0
      objectReference: {fileID: 0}
    - target: {fileID: 5822277136661217487, guid: 9fe9fca38934f804a9a471e8a97a2087,
        type: 3}
      propertyPath: m_LocalEulerAnglesHint.z
      value: 0
      objectReference: {fileID: 0}
    - target: {fileID: 5822277136661217487, guid: 9fe9fca38934f804a9a471e8a97a2087,
        type: 3}
      propertyPath: m_AnchoredPosition.x
      value: 0
      objectReference: {fileID: 0}
    - target: {fileID: 5822277136661217487, guid: 9fe9fca38934f804a9a471e8a97a2087,
        type: 3}
      propertyPath: m_AnchoredPosition.y
      value: 0
      objectReference: {fileID: 0}
    - target: {fileID: 5822277136661217487, guid: 9fe9fca38934f804a9a471e8a97a2087,
        type: 3}
      propertyPath: m_SizeDelta.x
      value: 0
      objectReference: {fileID: 0}
    - target: {fileID: 5822277136661217487, guid: 9fe9fca38934f804a9a471e8a97a2087,
        type: 3}
      propertyPath: m_SizeDelta.y
      value: 0
      objectReference: {fileID: 0}
    - target: {fileID: 5822277136661217487, guid: 9fe9fca38934f804a9a471e8a97a2087,
        type: 3}
      propertyPath: m_AnchorMin.x
      value: 0
      objectReference: {fileID: 0}
    - target: {fileID: 5822277136661217487, guid: 9fe9fca38934f804a9a471e8a97a2087,
        type: 3}
      propertyPath: m_AnchorMin.y
      value: 0
      objectReference: {fileID: 0}
    - target: {fileID: 5822277136661217487, guid: 9fe9fca38934f804a9a471e8a97a2087,
        type: 3}
      propertyPath: m_AnchorMax.x
      value: 0
      objectReference: {fileID: 0}
    - target: {fileID: 5822277136661217487, guid: 9fe9fca38934f804a9a471e8a97a2087,
        type: 3}
      propertyPath: m_AnchorMax.y
      value: 0
      objectReference: {fileID: 0}
    - target: {fileID: 5822277136661217487, guid: 9fe9fca38934f804a9a471e8a97a2087,
        type: 3}
      propertyPath: m_Pivot.x
      value: 0.5
      objectReference: {fileID: 0}
    - target: {fileID: 5822277136661217487, guid: 9fe9fca38934f804a9a471e8a97a2087,
        type: 3}
      propertyPath: m_Pivot.y
      value: 0.5
      objectReference: {fileID: 0}
    - target: {fileID: 7529945576068061833, guid: 9fe9fca38934f804a9a471e8a97a2087,
        type: 3}
      propertyPath: m_text
      value: 1
      objectReference: {fileID: 0}
    m_RemovedComponents: []
  m_SourcePrefab: {fileID: 100100000, guid: 9fe9fca38934f804a9a471e8a97a2087, type: 3}
--- !u!114 &6849736202769885462 stripped
MonoBehaviour:
  m_CorrespondingSourceObject: {fileID: 1179269442462525533, guid: 9fe9fca38934f804a9a471e8a97a2087,
    type: 3}
  m_PrefabInstance: {fileID: 5715839267411378507}
  m_PrefabAsset: {fileID: 0}
  m_GameObject: {fileID: 6351433747021273232}
  m_Enabled: 1
  m_EditorHideFlags: 0
  m_Script: {fileID: 11500000, guid: baef4d30c6a1d844daa677f5019796b0, type: 3}
  m_Name: 
  m_EditorClassIdentifier: 
--- !u!1 &6351433747021273232 stripped
GameObject:
  m_CorrespondingSourceObject: {fileID: 1690660553362069979, guid: 9fe9fca38934f804a9a471e8a97a2087,
    type: 3}
  m_PrefabInstance: {fileID: 5715839267411378507}
  m_PrefabAsset: {fileID: 0}
--- !u!224 &2278363683461185924 stripped
RectTransform:
  m_CorrespondingSourceObject: {fileID: 5822277136661217487, guid: 9fe9fca38934f804a9a471e8a97a2087,
    type: 3}
  m_PrefabInstance: {fileID: 5715839267411378507}
  m_PrefabAsset: {fileID: 0}
--- !u!1001 &5842483450123786706
PrefabInstance:
  m_ObjectHideFlags: 0
  serializedVersion: 2
  m_Modification:
    m_TransformParent: {fileID: 3666640799587478531}
    m_Modifications:
    - target: {fileID: 1690660553362069979, guid: 9fe9fca38934f804a9a471e8a97a2087,
        type: 3}
      propertyPath: m_Name
      value: star_s
      objectReference: {fileID: 0}
    - target: {fileID: 5822277136661217487, guid: 9fe9fca38934f804a9a471e8a97a2087,
        type: 3}
      propertyPath: m_LocalPosition.x
      value: 0
      objectReference: {fileID: 0}
    - target: {fileID: 5822277136661217487, guid: 9fe9fca38934f804a9a471e8a97a2087,
        type: 3}
      propertyPath: m_LocalPosition.y
      value: 0
      objectReference: {fileID: 0}
    - target: {fileID: 5822277136661217487, guid: 9fe9fca38934f804a9a471e8a97a2087,
        type: 3}
      propertyPath: m_LocalPosition.z
      value: 0
      objectReference: {fileID: 0}
    - target: {fileID: 5822277136661217487, guid: 9fe9fca38934f804a9a471e8a97a2087,
        type: 3}
      propertyPath: m_LocalRotation.x
      value: -0
      objectReference: {fileID: 0}
    - target: {fileID: 5822277136661217487, guid: 9fe9fca38934f804a9a471e8a97a2087,
        type: 3}
      propertyPath: m_LocalRotation.y
      value: -0
      objectReference: {fileID: 0}
    - target: {fileID: 5822277136661217487, guid: 9fe9fca38934f804a9a471e8a97a2087,
        type: 3}
      propertyPath: m_LocalRotation.z
      value: -0
      objectReference: {fileID: 0}
    - target: {fileID: 5822277136661217487, guid: 9fe9fca38934f804a9a471e8a97a2087,
        type: 3}
      propertyPath: m_LocalRotation.w
      value: 1
      objectReference: {fileID: 0}
    - target: {fileID: 5822277136661217487, guid: 9fe9fca38934f804a9a471e8a97a2087,
        type: 3}
      propertyPath: m_RootOrder
      value: 0
      objectReference: {fileID: 0}
    - target: {fileID: 5822277136661217487, guid: 9fe9fca38934f804a9a471e8a97a2087,
        type: 3}
      propertyPath: m_LocalEulerAnglesHint.x
      value: 0
      objectReference: {fileID: 0}
    - target: {fileID: 5822277136661217487, guid: 9fe9fca38934f804a9a471e8a97a2087,
        type: 3}
      propertyPath: m_LocalEulerAnglesHint.y
      value: 0
      objectReference: {fileID: 0}
    - target: {fileID: 5822277136661217487, guid: 9fe9fca38934f804a9a471e8a97a2087,
        type: 3}
      propertyPath: m_LocalEulerAnglesHint.z
      value: 0
      objectReference: {fileID: 0}
    - target: {fileID: 5822277136661217487, guid: 9fe9fca38934f804a9a471e8a97a2087,
        type: 3}
      propertyPath: m_AnchoredPosition.x
      value: 0
      objectReference: {fileID: 0}
    - target: {fileID: 5822277136661217487, guid: 9fe9fca38934f804a9a471e8a97a2087,
        type: 3}
      propertyPath: m_AnchoredPosition.y
      value: 0
      objectReference: {fileID: 0}
    - target: {fileID: 5822277136661217487, guid: 9fe9fca38934f804a9a471e8a97a2087,
        type: 3}
      propertyPath: m_SizeDelta.x
      value: 0
      objectReference: {fileID: 0}
    - target: {fileID: 5822277136661217487, guid: 9fe9fca38934f804a9a471e8a97a2087,
        type: 3}
      propertyPath: m_SizeDelta.y
      value: 0
      objectReference: {fileID: 0}
    - target: {fileID: 5822277136661217487, guid: 9fe9fca38934f804a9a471e8a97a2087,
        type: 3}
      propertyPath: m_AnchorMin.x
      value: 0
      objectReference: {fileID: 0}
    - target: {fileID: 5822277136661217487, guid: 9fe9fca38934f804a9a471e8a97a2087,
        type: 3}
      propertyPath: m_AnchorMin.y
      value: 0
      objectReference: {fileID: 0}
    - target: {fileID: 5822277136661217487, guid: 9fe9fca38934f804a9a471e8a97a2087,
        type: 3}
      propertyPath: m_AnchorMax.x
      value: 0
      objectReference: {fileID: 0}
    - target: {fileID: 5822277136661217487, guid: 9fe9fca38934f804a9a471e8a97a2087,
        type: 3}
      propertyPath: m_AnchorMax.y
      value: 0
      objectReference: {fileID: 0}
    - target: {fileID: 5822277136661217487, guid: 9fe9fca38934f804a9a471e8a97a2087,
        type: 3}
      propertyPath: m_Pivot.x
      value: 0.5
      objectReference: {fileID: 0}
    - target: {fileID: 5822277136661217487, guid: 9fe9fca38934f804a9a471e8a97a2087,
        type: 3}
      propertyPath: m_Pivot.y
      value: 0.5
      objectReference: {fileID: 0}
    - target: {fileID: 7529945576068061833, guid: 9fe9fca38934f804a9a471e8a97a2087,
        type: 3}
      propertyPath: m_text
      value: 1
      objectReference: {fileID: 0}
    m_RemovedComponents: []
  m_SourcePrefab: {fileID: 100100000, guid: 9fe9fca38934f804a9a471e8a97a2087, type: 3}
--- !u!224 &132937052372605213 stripped
RectTransform:
  m_CorrespondingSourceObject: {fileID: 5822277136661217487, guid: 9fe9fca38934f804a9a471e8a97a2087,
    type: 3}
  m_PrefabInstance: {fileID: 5842483450123786706}
  m_PrefabAsset: {fileID: 0}
--- !u!114 &4704345099269157263 stripped
MonoBehaviour:
  m_CorrespondingSourceObject: {fileID: 1179269442462525533, guid: 9fe9fca38934f804a9a471e8a97a2087,
    type: 3}
  m_PrefabInstance: {fileID: 5842483450123786706}
  m_PrefabAsset: {fileID: 0}
  m_GameObject: {fileID: 5071833210574553097}
  m_Enabled: 1
  m_EditorHideFlags: 0
  m_Script: {fileID: 11500000, guid: baef4d30c6a1d844daa677f5019796b0, type: 3}
  m_Name: 
  m_EditorClassIdentifier: 
--- !u!1 &5071833210574553097 stripped
GameObject:
  m_CorrespondingSourceObject: {fileID: 1690660553362069979, guid: 9fe9fca38934f804a9a471e8a97a2087,
    type: 3}
  m_PrefabInstance: {fileID: 5842483450123786706}
  m_PrefabAsset: {fileID: 0}
--- !u!1001 &6707315655095856508
PrefabInstance:
  m_ObjectHideFlags: 0
  serializedVersion: 2
  m_Modification:
    m_TransformParent: {fileID: 3666640799587478531}
    m_Modifications:
    - target: {fileID: 1476872296836631584, guid: d9f415e75ade4c04db1743f22306cb0a,
        type: 3}
      propertyPath: m_Name
      value: tag 5
      objectReference: {fileID: 0}
    - target: {fileID: 6036067473058125108, guid: d9f415e75ade4c04db1743f22306cb0a,
        type: 3}
      propertyPath: m_LocalPosition.x
      value: 0
      objectReference: {fileID: 0}
    - target: {fileID: 6036067473058125108, guid: d9f415e75ade4c04db1743f22306cb0a,
        type: 3}
      propertyPath: m_LocalPosition.y
      value: 0
      objectReference: {fileID: 0}
    - target: {fileID: 6036067473058125108, guid: d9f415e75ade4c04db1743f22306cb0a,
        type: 3}
      propertyPath: m_LocalPosition.z
      value: 0
      objectReference: {fileID: 0}
    - target: {fileID: 6036067473058125108, guid: d9f415e75ade4c04db1743f22306cb0a,
        type: 3}
      propertyPath: m_LocalRotation.x
      value: -0
      objectReference: {fileID: 0}
    - target: {fileID: 6036067473058125108, guid: d9f415e75ade4c04db1743f22306cb0a,
        type: 3}
      propertyPath: m_LocalRotation.y
      value: -0
      objectReference: {fileID: 0}
    - target: {fileID: 6036067473058125108, guid: d9f415e75ade4c04db1743f22306cb0a,
        type: 3}
      propertyPath: m_LocalRotation.z
      value: -0
      objectReference: {fileID: 0}
    - target: {fileID: 6036067473058125108, guid: d9f415e75ade4c04db1743f22306cb0a,
        type: 3}
      propertyPath: m_LocalRotation.w
      value: 1
      objectReference: {fileID: 0}
    - target: {fileID: 6036067473058125108, guid: d9f415e75ade4c04db1743f22306cb0a,
        type: 3}
      propertyPath: m_RootOrder
      value: 7
      objectReference: {fileID: 0}
    - target: {fileID: 6036067473058125108, guid: d9f415e75ade4c04db1743f22306cb0a,
        type: 3}
      propertyPath: m_LocalEulerAnglesHint.x
      value: 0
      objectReference: {fileID: 0}
    - target: {fileID: 6036067473058125108, guid: d9f415e75ade4c04db1743f22306cb0a,
        type: 3}
      propertyPath: m_LocalEulerAnglesHint.y
      value: 0
      objectReference: {fileID: 0}
    - target: {fileID: 6036067473058125108, guid: d9f415e75ade4c04db1743f22306cb0a,
        type: 3}
      propertyPath: m_LocalEulerAnglesHint.z
      value: 0
      objectReference: {fileID: 0}
    - target: {fileID: 6036067473058125108, guid: d9f415e75ade4c04db1743f22306cb0a,
        type: 3}
      propertyPath: m_AnchoredPosition.x
      value: 0
      objectReference: {fileID: 0}
    - target: {fileID: 6036067473058125108, guid: d9f415e75ade4c04db1743f22306cb0a,
        type: 3}
      propertyPath: m_AnchoredPosition.y
      value: 0
      objectReference: {fileID: 0}
    - target: {fileID: 6036067473058125108, guid: d9f415e75ade4c04db1743f22306cb0a,
        type: 3}
      propertyPath: m_SizeDelta.x
      value: 0
      objectReference: {fileID: 0}
    - target: {fileID: 6036067473058125108, guid: d9f415e75ade4c04db1743f22306cb0a,
        type: 3}
      propertyPath: m_SizeDelta.y
      value: 0
      objectReference: {fileID: 0}
    - target: {fileID: 6036067473058125108, guid: d9f415e75ade4c04db1743f22306cb0a,
        type: 3}
      propertyPath: m_AnchorMin.x
      value: 0
      objectReference: {fileID: 0}
    - target: {fileID: 6036067473058125108, guid: d9f415e75ade4c04db1743f22306cb0a,
        type: 3}
      propertyPath: m_AnchorMin.y
      value: 0
      objectReference: {fileID: 0}
    - target: {fileID: 6036067473058125108, guid: d9f415e75ade4c04db1743f22306cb0a,
        type: 3}
      propertyPath: m_AnchorMax.x
      value: 0
      objectReference: {fileID: 0}
    - target: {fileID: 6036067473058125108, guid: d9f415e75ade4c04db1743f22306cb0a,
        type: 3}
      propertyPath: m_AnchorMax.y
      value: 0
      objectReference: {fileID: 0}
    - target: {fileID: 6036067473058125108, guid: d9f415e75ade4c04db1743f22306cb0a,
        type: 3}
      propertyPath: m_Pivot.x
      value: 0.5
      objectReference: {fileID: 0}
    - target: {fileID: 6036067473058125108, guid: d9f415e75ade4c04db1743f22306cb0a,
        type: 3}
      propertyPath: m_Pivot.y
      value: 0.5
      objectReference: {fileID: 0}
    - target: {fileID: 7807418845018571528, guid: d9f415e75ade4c04db1743f22306cb0a,
        type: 3}
      propertyPath: m_LocalPosition.x
      value: 0
      objectReference: {fileID: 0}
    - target: {fileID: 7807418845018571528, guid: d9f415e75ade4c04db1743f22306cb0a,
        type: 3}
      propertyPath: m_LocalPosition.y
      value: 0
      objectReference: {fileID: 0}
    - target: {fileID: 7807418845018571531, guid: d9f415e75ade4c04db1743f22306cb0a,
        type: 3}
      propertyPath: m_text
      value: "\u5C71\u6C34"
      objectReference: {fileID: 0}
    m_RemovedComponents: []
  m_SourcePrefab: {fileID: 100100000, guid: d9f415e75ade4c04db1743f22306cb0a, type: 3}
--- !u!1 &5290545982419214684 stripped
GameObject:
  m_CorrespondingSourceObject: {fileID: 1476872296836631584, guid: d9f415e75ade4c04db1743f22306cb0a,
    type: 3}
  m_PrefabInstance: {fileID: 6707315655095856508}
  m_PrefabAsset: {fileID: 0}
--- !u!224 &1067713132111919176 stripped
RectTransform:
  m_CorrespondingSourceObject: {fileID: 6036067473058125108, guid: d9f415e75ade4c04db1743f22306cb0a,
    type: 3}
  m_PrefabInstance: {fileID: 6707315655095856508}
  m_PrefabAsset: {fileID: 0}
--- !u!114 &5617800522114850805 stripped
MonoBehaviour:
  m_CorrespondingSourceObject: {fileID: 1216890826195432073, guid: d9f415e75ade4c04db1743f22306cb0a,
    type: 3}
  m_PrefabInstance: {fileID: 6707315655095856508}
  m_PrefabAsset: {fileID: 0}
  m_GameObject: {fileID: 5290545982419214684}
  m_Enabled: 1
  m_EditorHideFlags: 0
  m_Script: {fileID: 11500000, guid: 599c33457cd0ebd46b43f3845567455f, type: 3}
  m_Name: 
  m_EditorClassIdentifier: 
--- !u!1001 &7283781307555992906
PrefabInstance:
  m_ObjectHideFlags: 0
  serializedVersion: 2
  m_Modification:
    m_TransformParent: {fileID: 3666640799587478531}
    m_Modifications:
    - target: {fileID: 1476872296836631584, guid: d9f415e75ade4c04db1743f22306cb0a,
        type: 3}
      propertyPath: m_Name
      value: tag 3
      objectReference: {fileID: 0}
    - target: {fileID: 1476872296836631584, guid: d9f415e75ade4c04db1743f22306cb0a,
        type: 3}
      propertyPath: m_IsActive
      value: 0
      objectReference: {fileID: 0}
    - target: {fileID: 6036067473058125108, guid: d9f415e75ade4c04db1743f22306cb0a,
        type: 3}
      propertyPath: m_LocalPosition.x
      value: 0
      objectReference: {fileID: 0}
    - target: {fileID: 6036067473058125108, guid: d9f415e75ade4c04db1743f22306cb0a,
        type: 3}
      propertyPath: m_LocalPosition.y
      value: 0
      objectReference: {fileID: 0}
    - target: {fileID: 6036067473058125108, guid: d9f415e75ade4c04db1743f22306cb0a,
        type: 3}
      propertyPath: m_LocalPosition.z
      value: 0
      objectReference: {fileID: 0}
    - target: {fileID: 6036067473058125108, guid: d9f415e75ade4c04db1743f22306cb0a,
        type: 3}
      propertyPath: m_LocalRotation.x
      value: -0
      objectReference: {fileID: 0}
    - target: {fileID: 6036067473058125108, guid: d9f415e75ade4c04db1743f22306cb0a,
        type: 3}
      propertyPath: m_LocalRotation.y
      value: -0
      objectReference: {fileID: 0}
    - target: {fileID: 6036067473058125108, guid: d9f415e75ade4c04db1743f22306cb0a,
        type: 3}
      propertyPath: m_LocalRotation.z
      value: -0
      objectReference: {fileID: 0}
    - target: {fileID: 6036067473058125108, guid: d9f415e75ade4c04db1743f22306cb0a,
        type: 3}
      propertyPath: m_LocalRotation.w
      value: 1
      objectReference: {fileID: 0}
    - target: {fileID: 6036067473058125108, guid: d9f415e75ade4c04db1743f22306cb0a,
        type: 3}
      propertyPath: m_RootOrder
      value: 4
      objectReference: {fileID: 0}
    - target: {fileID: 6036067473058125108, guid: d9f415e75ade4c04db1743f22306cb0a,
        type: 3}
      propertyPath: m_LocalEulerAnglesHint.x
      value: 0
      objectReference: {fileID: 0}
    - target: {fileID: 6036067473058125108, guid: d9f415e75ade4c04db1743f22306cb0a,
        type: 3}
      propertyPath: m_LocalEulerAnglesHint.y
      value: 0
      objectReference: {fileID: 0}
    - target: {fileID: 6036067473058125108, guid: d9f415e75ade4c04db1743f22306cb0a,
        type: 3}
      propertyPath: m_LocalEulerAnglesHint.z
      value: 0
      objectReference: {fileID: 0}
    - target: {fileID: 6036067473058125108, guid: d9f415e75ade4c04db1743f22306cb0a,
        type: 3}
      propertyPath: m_AnchoredPosition.x
      value: 200
      objectReference: {fileID: 0}
    - target: {fileID: 6036067473058125108, guid: d9f415e75ade4c04db1743f22306cb0a,
        type: 3}
      propertyPath: m_AnchoredPosition.y
      value: -25
      objectReference: {fileID: 0}
    - target: {fileID: 6036067473058125108, guid: d9f415e75ade4c04db1743f22306cb0a,
        type: 3}
      propertyPath: m_SizeDelta.x
      value: 80
      objectReference: {fileID: 0}
    - target: {fileID: 6036067473058125108, guid: d9f415e75ade4c04db1743f22306cb0a,
        type: 3}
      propertyPath: m_SizeDelta.y
      value: 45
      objectReference: {fileID: 0}
    - target: {fileID: 6036067473058125108, guid: d9f415e75ade4c04db1743f22306cb0a,
        type: 3}
      propertyPath: m_AnchorMin.x
      value: 0
      objectReference: {fileID: 0}
    - target: {fileID: 6036067473058125108, guid: d9f415e75ade4c04db1743f22306cb0a,
        type: 3}
      propertyPath: m_AnchorMin.y
      value: 1
      objectReference: {fileID: 0}
    - target: {fileID: 6036067473058125108, guid: d9f415e75ade4c04db1743f22306cb0a,
        type: 3}
      propertyPath: m_AnchorMax.x
      value: 0
      objectReference: {fileID: 0}
    - target: {fileID: 6036067473058125108, guid: d9f415e75ade4c04db1743f22306cb0a,
        type: 3}
      propertyPath: m_AnchorMax.y
      value: 1
      objectReference: {fileID: 0}
    - target: {fileID: 6036067473058125108, guid: d9f415e75ade4c04db1743f22306cb0a,
        type: 3}
      propertyPath: m_Pivot.x
      value: 0.5
      objectReference: {fileID: 0}
    - target: {fileID: 6036067473058125108, guid: d9f415e75ade4c04db1743f22306cb0a,
        type: 3}
      propertyPath: m_Pivot.y
      value: 0.5
      objectReference: {fileID: 0}
    - target: {fileID: 7807418845018571528, guid: d9f415e75ade4c04db1743f22306cb0a,
        type: 3}
      propertyPath: m_LocalPosition.x
      value: 0
      objectReference: {fileID: 0}
    - target: {fileID: 7807418845018571528, guid: d9f415e75ade4c04db1743f22306cb0a,
        type: 3}
      propertyPath: m_LocalPosition.y
      value: 0
      objectReference: {fileID: 0}
    m_RemovedComponents: []
  m_SourcePrefab: {fileID: 100100000, guid: d9f415e75ade4c04db1743f22306cb0a, type: 3}
--- !u!114 &8500108066552686531 stripped
MonoBehaviour:
  m_CorrespondingSourceObject: {fileID: 1216890826195432073, guid: d9f415e75ade4c04db1743f22306cb0a,
    type: 3}
  m_PrefabInstance: {fileID: 7283781307555992906}
  m_PrefabAsset: {fileID: 0}
  m_GameObject: {fileID: 8172862366964341098}
  m_Enabled: 1
  m_EditorHideFlags: 0
  m_Script: {fileID: 11500000, guid: 599c33457cd0ebd46b43f3845567455f, type: 3}
  m_Name: 
  m_EditorClassIdentifier: 
--- !u!224 &3950039369861693566 stripped
RectTransform:
  m_CorrespondingSourceObject: {fileID: 6036067473058125108, guid: d9f415e75ade4c04db1743f22306cb0a,
    type: 3}
  m_PrefabInstance: {fileID: 7283781307555992906}
  m_PrefabAsset: {fileID: 0}
--- !u!1 &8172862366964341098 stripped
GameObject:
  m_CorrespondingSourceObject: {fileID: 1476872296836631584, guid: d9f415e75ade4c04db1743f22306cb0a,
    type: 3}
  m_PrefabInstance: {fileID: 7283781307555992906}
  m_PrefabAsset: {fileID: 0}
--- !u!1001 &8895230998119360910
PrefabInstance:
  m_ObjectHideFlags: 0
  serializedVersion: 2
  m_Modification:
    m_TransformParent: {fileID: 3666640799587478531}
    m_Modifications:
    - target: {fileID: 6305279713964894237, guid: eeb25d01c648bcb41900fa7b5166f942,
        type: 3}
      propertyPath: m_RootOrder
      value: 0
      objectReference: {fileID: 0}
    - target: {fileID: 6305279715080002352, guid: eeb25d01c648bcb41900fa7b5166f942,
        type: 3}
      propertyPath: m_text
      value: "\u901A\u8FC7"
      objectReference: {fileID: 0}
    - target: {fileID: 6305279715080002352, guid: eeb25d01c648bcb41900fa7b5166f942,
        type: 3}
      propertyPath: m_margin.z
      value: -5
      objectReference: {fileID: 0}
    - target: {fileID: 6305279715080002352, guid: eeb25d01c648bcb41900fa7b5166f942,
        type: 3}
      propertyPath: m_margin.w
      value: 0
      objectReference: {fileID: 0}
    - target: {fileID: 6305279715080002352, guid: eeb25d01c648bcb41900fa7b5166f942,
        type: 3}
      propertyPath: m_margin.y
      value: 0
      objectReference: {fileID: 0}
    - target: {fileID: 6305279715080002352, guid: eeb25d01c648bcb41900fa7b5166f942,
        type: 3}
      propertyPath: m_margin.x
      value: 5
      objectReference: {fileID: 0}
    - target: {fileID: 6305279715080002354, guid: eeb25d01c648bcb41900fa7b5166f942,
        type: 3}
      propertyPath: m_Name
      value: prefix
      objectReference: {fileID: 0}
    - target: {fileID: 6305279715080002354, guid: eeb25d01c648bcb41900fa7b5166f942,
        type: 3}
      propertyPath: m_IsActive
      value: 1
      objectReference: {fileID: 0}
    - target: {fileID: 6305279715080002355, guid: eeb25d01c648bcb41900fa7b5166f942,
        type: 3}
      propertyPath: m_LocalPosition.x
      value: 0
      objectReference: {fileID: 0}
    - target: {fileID: 6305279715080002355, guid: eeb25d01c648bcb41900fa7b5166f942,
        type: 3}
      propertyPath: m_LocalPosition.y
      value: 0
      objectReference: {fileID: 0}
    - target: {fileID: 6305279715080002355, guid: eeb25d01c648bcb41900fa7b5166f942,
        type: 3}
      propertyPath: m_LocalPosition.z
      value: 0
      objectReference: {fileID: 0}
    - target: {fileID: 6305279715080002355, guid: eeb25d01c648bcb41900fa7b5166f942,
        type: 3}
      propertyPath: m_LocalRotation.x
      value: 0
      objectReference: {fileID: 0}
    - target: {fileID: 6305279715080002355, guid: eeb25d01c648bcb41900fa7b5166f942,
        type: 3}
      propertyPath: m_LocalRotation.y
      value: 0
      objectReference: {fileID: 0}
    - target: {fileID: 6305279715080002355, guid: eeb25d01c648bcb41900fa7b5166f942,
        type: 3}
      propertyPath: m_LocalRotation.z
      value: 0
      objectReference: {fileID: 0}
    - target: {fileID: 6305279715080002355, guid: eeb25d01c648bcb41900fa7b5166f942,
        type: 3}
      propertyPath: m_LocalRotation.w
      value: 1
      objectReference: {fileID: 0}
    - target: {fileID: 6305279715080002355, guid: eeb25d01c648bcb41900fa7b5166f942,
        type: 3}
      propertyPath: m_RootOrder
      value: 1
      objectReference: {fileID: 0}
    - target: {fileID: 6305279715080002355, guid: eeb25d01c648bcb41900fa7b5166f942,
        type: 3}
      propertyPath: m_LocalEulerAnglesHint.x
      value: 0
      objectReference: {fileID: 0}
    - target: {fileID: 6305279715080002355, guid: eeb25d01c648bcb41900fa7b5166f942,
        type: 3}
      propertyPath: m_LocalEulerAnglesHint.y
      value: 0
      objectReference: {fileID: 0}
    - target: {fileID: 6305279715080002355, guid: eeb25d01c648bcb41900fa7b5166f942,
        type: 3}
      propertyPath: m_LocalEulerAnglesHint.z
      value: 0
      objectReference: {fileID: 0}
    - target: {fileID: 6305279715080002355, guid: eeb25d01c648bcb41900fa7b5166f942,
        type: 3}
      propertyPath: m_AnchoredPosition.x
      value: 0
      objectReference: {fileID: 0}
    - target: {fileID: 6305279715080002355, guid: eeb25d01c648bcb41900fa7b5166f942,
        type: 3}
      propertyPath: m_AnchoredPosition.y
      value: 0
      objectReference: {fileID: 0}
    - target: {fileID: 6305279715080002355, guid: eeb25d01c648bcb41900fa7b5166f942,
        type: 3}
      propertyPath: m_SizeDelta.x
      value: 0
      objectReference: {fileID: 0}
    - target: {fileID: 6305279715080002355, guid: eeb25d01c648bcb41900fa7b5166f942,
        type: 3}
      propertyPath: m_SizeDelta.y
      value: 0
      objectReference: {fileID: 0}
    - target: {fileID: 6305279715080002355, guid: eeb25d01c648bcb41900fa7b5166f942,
        type: 3}
      propertyPath: m_AnchorMin.x
      value: 0
      objectReference: {fileID: 0}
    - target: {fileID: 6305279715080002355, guid: eeb25d01c648bcb41900fa7b5166f942,
        type: 3}
      propertyPath: m_AnchorMin.y
      value: 0
      objectReference: {fileID: 0}
    - target: {fileID: 6305279715080002355, guid: eeb25d01c648bcb41900fa7b5166f942,
        type: 3}
      propertyPath: m_AnchorMax.x
      value: 0
      objectReference: {fileID: 0}
    - target: {fileID: 6305279715080002355, guid: eeb25d01c648bcb41900fa7b5166f942,
        type: 3}
      propertyPath: m_AnchorMax.y
      value: 0
      objectReference: {fileID: 0}
    - target: {fileID: 6305279715080002355, guid: eeb25d01c648bcb41900fa7b5166f942,
        type: 3}
      propertyPath: m_Pivot.x
      value: 0.5
      objectReference: {fileID: 0}
    - target: {fileID: 6305279715080002355, guid: eeb25d01c648bcb41900fa7b5166f942,
        type: 3}
      propertyPath: m_Pivot.y
      value: 0.5
      objectReference: {fileID: 0}
    m_RemovedComponents: []
  m_SourcePrefab: {fileID: 100100000, guid: eeb25d01c648bcb41900fa7b5166f942, type: 3}
--- !u!224 &3238913903012573885 stripped
RectTransform:
  m_CorrespondingSourceObject: {fileID: 6305279715080002355, guid: eeb25d01c648bcb41900fa7b5166f942,
    type: 3}
  m_PrefabInstance: {fileID: 8895230998119360910}
  m_PrefabAsset: {fileID: 0}
--- !u!114 &382804818319404439 stripped
MonoBehaviour:
  m_CorrespondingSourceObject: {fileID: 9096650583775822873, guid: eeb25d01c648bcb41900fa7b5166f942,
    type: 3}
  m_PrefabInstance: {fileID: 8895230998119360910}
  m_PrefabAsset: {fileID: 0}
  m_GameObject: {fileID: 0}
  m_Enabled: 1
  m_EditorHideFlags: 0
  m_Script: {fileID: 11500000, guid: 366e5fcf4374db04ca4e6b17b07f10b7, type: 3}
  m_Name: 
  m_EditorClassIdentifier: 
--- !u!1001 &9158746232152654084
PrefabInstance:
  m_ObjectHideFlags: 0
  serializedVersion: 2
  m_Modification:
    m_TransformParent: {fileID: 3666640799587478531}
    m_Modifications:
    - target: {fileID: 1476872296836631584, guid: d9f415e75ade4c04db1743f22306cb0a,
        type: 3}
      propertyPath: m_Name
      value: tag 6
      objectReference: {fileID: 0}
    - target: {fileID: 1476872296836631584, guid: d9f415e75ade4c04db1743f22306cb0a,
        type: 3}
      propertyPath: m_IsActive
      value: 0
      objectReference: {fileID: 0}
    - target: {fileID: 6036067473058125108, guid: d9f415e75ade4c04db1743f22306cb0a,
        type: 3}
      propertyPath: m_LocalPosition.x
      value: 0
      objectReference: {fileID: 0}
    - target: {fileID: 6036067473058125108, guid: d9f415e75ade4c04db1743f22306cb0a,
        type: 3}
      propertyPath: m_LocalPosition.y
      value: 0
      objectReference: {fileID: 0}
    - target: {fileID: 6036067473058125108, guid: d9f415e75ade4c04db1743f22306cb0a,
        type: 3}
      propertyPath: m_LocalPosition.z
      value: 0
      objectReference: {fileID: 0}
    - target: {fileID: 6036067473058125108, guid: d9f415e75ade4c04db1743f22306cb0a,
        type: 3}
      propertyPath: m_LocalRotation.x
      value: -0
      objectReference: {fileID: 0}
    - target: {fileID: 6036067473058125108, guid: d9f415e75ade4c04db1743f22306cb0a,
        type: 3}
      propertyPath: m_LocalRotation.y
      value: -0
      objectReference: {fileID: 0}
    - target: {fileID: 6036067473058125108, guid: d9f415e75ade4c04db1743f22306cb0a,
        type: 3}
      propertyPath: m_LocalRotation.z
      value: -0
      objectReference: {fileID: 0}
    - target: {fileID: 6036067473058125108, guid: d9f415e75ade4c04db1743f22306cb0a,
        type: 3}
      propertyPath: m_LocalRotation.w
      value: 1
      objectReference: {fileID: 0}
    - target: {fileID: 6036067473058125108, guid: d9f415e75ade4c04db1743f22306cb0a,
        type: 3}
      propertyPath: m_RootOrder
      value: 8
      objectReference: {fileID: 0}
    - target: {fileID: 6036067473058125108, guid: d9f415e75ade4c04db1743f22306cb0a,
        type: 3}
      propertyPath: m_LocalEulerAnglesHint.x
      value: 0
      objectReference: {fileID: 0}
    - target: {fileID: 6036067473058125108, guid: d9f415e75ade4c04db1743f22306cb0a,
        type: 3}
      propertyPath: m_LocalEulerAnglesHint.y
      value: 0
      objectReference: {fileID: 0}
    - target: {fileID: 6036067473058125108, guid: d9f415e75ade4c04db1743f22306cb0a,
        type: 3}
      propertyPath: m_LocalEulerAnglesHint.z
      value: 0
      objectReference: {fileID: 0}
    - target: {fileID: 6036067473058125108, guid: d9f415e75ade4c04db1743f22306cb0a,
        type: 3}
      propertyPath: m_AnchoredPosition.x
      value: 120
      objectReference: {fileID: 0}
    - target: {fileID: 6036067473058125108, guid: d9f415e75ade4c04db1743f22306cb0a,
        type: 3}
      propertyPath: m_AnchoredPosition.y
      value: -25
      objectReference: {fileID: 0}
    - target: {fileID: 6036067473058125108, guid: d9f415e75ade4c04db1743f22306cb0a,
        type: 3}
      propertyPath: m_SizeDelta.x
      value: 80
      objectReference: {fileID: 0}
    - target: {fileID: 6036067473058125108, guid: d9f415e75ade4c04db1743f22306cb0a,
        type: 3}
      propertyPath: m_SizeDelta.y
      value: 45
      objectReference: {fileID: 0}
    - target: {fileID: 6036067473058125108, guid: d9f415e75ade4c04db1743f22306cb0a,
        type: 3}
      propertyPath: m_AnchorMin.x
      value: 0
      objectReference: {fileID: 0}
    - target: {fileID: 6036067473058125108, guid: d9f415e75ade4c04db1743f22306cb0a,
        type: 3}
      propertyPath: m_AnchorMin.y
      value: 1
      objectReference: {fileID: 0}
    - target: {fileID: 6036067473058125108, guid: d9f415e75ade4c04db1743f22306cb0a,
        type: 3}
      propertyPath: m_AnchorMax.x
      value: 0
      objectReference: {fileID: 0}
    - target: {fileID: 6036067473058125108, guid: d9f415e75ade4c04db1743f22306cb0a,
        type: 3}
      propertyPath: m_AnchorMax.y
      value: 1
      objectReference: {fileID: 0}
    - target: {fileID: 6036067473058125108, guid: d9f415e75ade4c04db1743f22306cb0a,
        type: 3}
      propertyPath: m_Pivot.x
      value: 0.5
      objectReference: {fileID: 0}
    - target: {fileID: 6036067473058125108, guid: d9f415e75ade4c04db1743f22306cb0a,
        type: 3}
      propertyPath: m_Pivot.y
      value: 0.5
      objectReference: {fileID: 0}
    - target: {fileID: 7807418845018571528, guid: d9f415e75ade4c04db1743f22306cb0a,
        type: 3}
      propertyPath: m_LocalPosition.x
      value: 0
      objectReference: {fileID: 0}
    - target: {fileID: 7807418845018571528, guid: d9f415e75ade4c04db1743f22306cb0a,
        type: 3}
      propertyPath: m_LocalPosition.y
      value: 0
      objectReference: {fileID: 0}
    m_RemovedComponents: []
  m_SourcePrefab: {fileID: 100100000, guid: d9f415e75ade4c04db1743f22306cb0a, type: 3}
--- !u!114 &8068520812478952333 stripped
MonoBehaviour:
  m_CorrespondingSourceObject: {fileID: 1216890826195432073, guid: d9f415e75ade4c04db1743f22306cb0a,
    type: 3}
  m_PrefabInstance: {fileID: 9158746232152654084}
  m_PrefabAsset: {fileID: 0}
  m_GameObject: {fileID: 7738451532680006948}
  m_Enabled: 1
  m_EditorHideFlags: 0
  m_Script: {fileID: 11500000, guid: 599c33457cd0ebd46b43f3845567455f, type: 3}
  m_Name: 
  m_EditorClassIdentifier: 
--- !u!224 &3233035114472756272 stripped
RectTransform:
  m_CorrespondingSourceObject: {fileID: 6036067473058125108, guid: d9f415e75ade4c04db1743f22306cb0a,
    type: 3}
  m_PrefabInstance: {fileID: 9158746232152654084}
  m_PrefabAsset: {fileID: 0}
--- !u!1 &7738451532680006948 stripped
GameObject:
  m_CorrespondingSourceObject: {fileID: 1476872296836631584, guid: d9f415e75ade4c04db1743f22306cb0a,
    type: 3}
  m_PrefabInstance: {fileID: 9158746232152654084}
  m_PrefabAsset: {fileID: 0}
