%YAML 1.1
%TAG !u! tag:unity3d.com,2011:
--- !u!1 &1990306272574279154
GameObject:
  m_ObjectHideFlags: 0
  m_CorrespondingSourceObject: {fileID: 0}
  m_PrefabInstance: {fileID: 0}
  m_PrefabAsset: {fileID: 0}
  serializedVersion: 6
  m_Component:
  - component: {fileID: 983420334280407150}
  - component: {fileID: 8321465794187668732}
  m_Layer: 5
  m_Name: journal_slot_extra
  m_TagString: Untagged
  m_Icon: {fileID: 0}
  m_NavMeshLayer: 0
  m_StaticEditorFlags: 0
  m_IsActive: 1
--- !u!224 &983420334280407150
RectTransform:
  m_ObjectHideFlags: 0
  m_CorrespondingSourceObject: {fileID: 0}
  m_PrefabInstance: {fileID: 0}
  m_PrefabAsset: {fileID: 0}
  m_GameObject: {fileID: 1990306272574279154}
  m_LocalRotation: {x: -0, y: -0, z: -0, w: 1}
  m_LocalPosition: {x: 0, y: 0, z: 0}
  m_LocalScale: {x: 1, y: 1, z: 1}
  m_Children:
  - {fileID: 4377719022207899543}
  - {fileID: 7280291891388634518}
  - {fileID: 5682183833950618704}
  - {fileID: 856932282224086683}
  - {fileID: 8278499160634131468}
  m_Father: {fileID: 0}
  m_RootOrder: 0
  m_LocalEulerAnglesHint: {x: 0, y: 0, z: 0}
  m_AnchorMin: {x: 0.5, y: 0.5}
  m_AnchorMax: {x: 0.5, y: 0.5}
  m_AnchoredPosition: {x: -120, y: 214}
  m_SizeDelta: {x: 190, y: 190}
  m_Pivot: {x: 0.5, y: 0.5}
--- !u!114 &8321465794187668732
MonoBehaviour:
  m_ObjectHideFlags: 0
  m_CorrespondingSourceObject: {fileID: 0}
  m_PrefabInstance: {fileID: 0}
  m_PrefabAsset: {fileID: 0}
  m_GameObject: {fileID: 1990306272574279154}
  m_Enabled: 1
  m_EditorHideFlags: 0
  m_Script: {fileID: 11500000, guid: c448824faa8b90c47a8d61128a503ff9, type: 3}
  m_Name: 
  m_EditorClassIdentifier: 
  frameColor: {fileID: 11400000, guid: 39e90c020871cc74592a736adaef65d5, type: 2}
  text_sprite: {fileID: 3105185565123190006}
  frame_sprite: {fileID: 3728804670335794562}
  delete_btn: {fileID: 2784532226828080627}
  collectible: {fileID: 7266464184727319873}
  status: 0
  statusStr: 
--- !u!1 &3707334513164426671
GameObject:
  m_ObjectHideFlags: 0
  m_CorrespondingSourceObject: {fileID: 0}
  m_PrefabInstance: {fileID: 0}
  m_PrefabAsset: {fileID: 0}
  serializedVersion: 6
  m_Component:
  - component: {fileID: 7280291891388634518}
  - component: {fileID: 1347773758729820349}
  - component: {fileID: 3105185565123190006}
  m_Layer: 5
  m_Name: text_sprite
  m_TagString: Untagged
  m_Icon: {fileID: 0}
  m_NavMeshLayer: 0
  m_StaticEditorFlags: 0
  m_IsActive: 0
--- !u!224 &7280291891388634518
RectTransform:
  m_ObjectHideFlags: 0
  m_CorrespondingSourceObject: {fileID: 0}
  m_PrefabInstance: {fileID: 0}
  m_PrefabAsset: {fileID: 0}
  m_GameObject: {fileID: 3707334513164426671}
  m_LocalRotation: {x: 0, y: 0, z: 0, w: 1}
  m_LocalPosition: {x: 0, y: 0, z: 0}
  m_LocalScale: {x: 1, y: 1, z: 1}
  m_Children: []
  m_Father: {fileID: 983420334280407150}
  m_RootOrder: 1
  m_LocalEulerAnglesHint: {x: 0, y: 0, z: 0}
  m_AnchorMin: {x: 0.5, y: 0.5}
  m_AnchorMax: {x: 0.5, y: 0.5}
  m_AnchoredPosition: {x: 0, y: 0}
  m_SizeDelta: {x: 400, y: 400}
  m_Pivot: {x: 0.5, y: 0.5}
--- !u!222 &1347773758729820349
CanvasRenderer:
  m_ObjectHideFlags: 0
  m_CorrespondingSourceObject: {fileID: 0}
  m_PrefabInstance: {fileID: 0}
  m_PrefabAsset: {fileID: 0}
  m_GameObject: {fileID: 3707334513164426671}
  m_CullTransparentMesh: 0
--- !u!114 &3105185565123190006
MonoBehaviour:
  m_ObjectHideFlags: 0
  m_CorrespondingSourceObject: {fileID: 0}
  m_PrefabInstance: {fileID: 0}
  m_PrefabAsset: {fileID: 0}
  m_GameObject: {fileID: 3707334513164426671}
  m_Enabled: 1
  m_EditorHideFlags: 0
  m_Script: {fileID: 11500000, guid: fe87c0e1cc204ed48ad3b37840f39efc, type: 3}
  m_Name: 
  m_EditorClassIdentifier: 
  m_Material: {fileID: 0}
  m_Color: {r: 0.6666667, g: 0.6666667, b: 0.6666667, a: 1}
  m_RaycastTarget: 0
  m_Maskable: 1
  m_OnCullStateChanged:
    m_PersistentCalls:
      m_Calls: []
  m_Sprite: {fileID: -6058074825409327859, guid: b53cee556c0e554499ebfbac75d512a6,
    type: 3}
  m_Type: 0
  m_PreserveAspect: 0
  m_FillCenter: 1
  m_FillMethod: 4
  m_FillAmount: 1
  m_FillClockwise: 1
  m_FillOrigin: 0
  m_UseSpriteMesh: 0
  m_PixelsPerUnitMultiplier: 1
--- !u!114 &8791949856551629955
MonoBehaviour:
  m_ObjectHideFlags: 0
  m_CorrespondingSourceObject: {fileID: 0}
  m_PrefabInstance: {fileID: 0}
  m_PrefabAsset: {fileID: 0}
  m_GameObject: {fileID: 5206133016635117503}
  m_Enabled: 1
  m_EditorHideFlags: 0
  m_Script: {fileID: 11500000, guid: d0b148fe25e99eb48b9724523833bab1, type: 3}
  m_Name: 
  m_EditorClassIdentifier: 
  m_Delegates:
  - eventID: 4
    callback:
      m_PersistentCalls:
        m_Calls:
        - m_Target: {fileID: 8321465794187668732}
          m_MethodName: OnSlotClicked
          m_Mode: 3
          m_Arguments:
            m_ObjectArgument: {fileID: 0}
            m_ObjectArgumentAssemblyTypeName: UnityEngine.Object, UnityEngine
            m_IntArgument: 0
            m_FloatArgument: 0
            m_StringArgument: 
            m_BoolArgument: 0
          m_CallState: 2
--- !u!114 &8465728174229098199
MonoBehaviour:
  m_ObjectHideFlags: 0
  m_CorrespondingSourceObject: {fileID: 0}
  m_PrefabInstance: {fileID: 0}
  m_PrefabAsset: {fileID: 0}
  m_GameObject: {fileID: 6124835636274427795}
  m_Enabled: 1
  m_EditorHideFlags: 0
  m_Script: {fileID: 11500000, guid: d0b148fe25e99eb48b9724523833bab1, type: 3}
  m_Name: 
  m_EditorClassIdentifier: 
  m_Delegates:
  - eventID: 4
    callback:
      m_PersistentCalls:
        m_Calls:
        - m_Target: {fileID: 8321465794187668732}
          m_MethodName: OnDeleteClicked
          m_Mode: 3
          m_Arguments:
            m_ObjectArgument: {fileID: 0}
            m_ObjectArgumentAssemblyTypeName: UnityEngine.Object, UnityEngine
            m_IntArgument: 0
            m_FloatArgument: 0
            m_StringArgument: 
            m_BoolArgument: 0
          m_CallState: 2
--- !u!1 &7677898205932174657
GameObject:
  m_ObjectHideFlags: 0
  m_CorrespondingSourceObject: {fileID: 0}
  m_PrefabInstance: {fileID: 0}
  m_PrefabAsset: {fileID: 0}
  serializedVersion: 6
  m_Component:
  - component: {fileID: 5682183833950618704}
  - component: {fileID: 6713945194411539058}
  - component: {fileID: 3728804670335794562}
  m_Layer: 5
  m_Name: frame_sprite
  m_TagString: Untagged
  m_Icon: {fileID: 0}
  m_NavMeshLayer: 0
  m_StaticEditorFlags: 0
  m_IsActive: 1
--- !u!224 &5682183833950618704
RectTransform:
  m_ObjectHideFlags: 0
  m_CorrespondingSourceObject: {fileID: 0}
  m_PrefabInstance: {fileID: 0}
  m_PrefabAsset: {fileID: 0}
  m_GameObject: {fileID: 7677898205932174657}
  m_LocalRotation: {x: 0, y: 0, z: 0, w: 1}
  m_LocalPosition: {x: 0, y: 0, z: 0}
  m_LocalScale: {x: 1, y: 1, z: 1}
  m_Children: []
  m_Father: {fileID: 983420334280407150}
  m_RootOrder: 2
  m_LocalEulerAnglesHint: {x: 0, y: 0, z: 0}
  m_AnchorMin: {x: 0.5, y: 0.5}
  m_AnchorMax: {x: 0.5, y: 0.5}
  m_AnchoredPosition: {x: 0, y: 0}
  m_SizeDelta: {x: 167, y: 167}
  m_Pivot: {x: 0.5, y: 0.5}
--- !u!222 &6713945194411539058
CanvasRenderer:
  m_ObjectHideFlags: 0
  m_CorrespondingSourceObject: {fileID: 0}
  m_PrefabInstance: {fileID: 0}
  m_PrefabAsset: {fileID: 0}
  m_GameObject: {fileID: 7677898205932174657}
  m_CullTransparentMesh: 0
--- !u!114 &3728804670335794562
MonoBehaviour:
  m_ObjectHideFlags: 0
  m_CorrespondingSourceObject: {fileID: 0}
  m_PrefabInstance: {fileID: 0}
  m_PrefabAsset: {fileID: 0}
  m_GameObject: {fileID: 7677898205932174657}
  m_Enabled: 1
  m_EditorHideFlags: 0
  m_Script: {fileID: 11500000, guid: fe87c0e1cc204ed48ad3b37840f39efc, type: 3}
  m_Name: 
  m_EditorClassIdentifier: 
  m_Material: {fileID: 0}
  m_Color: {r: 1, g: 1, b: 1, a: 1}
  m_RaycastTarget: 0
  m_Maskable: 1
  m_OnCullStateChanged:
    m_PersistentCalls:
      m_Calls: []
  m_Sprite: {fileID: 2186491211842741594, guid: 76fc86b3b2925c84fbc2fc489de9cb6a,
    type: 3}
  m_Type: 0
  m_PreserveAspect: 0
  m_FillCenter: 1
  m_FillMethod: 4
  m_FillAmount: 1
  m_FillClockwise: 1
  m_FillOrigin: 0
  m_UseSpriteMesh: 0
  m_PixelsPerUnitMultiplier: 1
--- !u!1001 &2089389362091353328
PrefabInstance:
  m_ObjectHideFlags: 0
  serializedVersion: 2
  m_Modification:
    m_TransformParent: {fileID: 983420334280407150}
    m_Modifications:
    - target: {fileID: 1665047429917403755, guid: f9a2c6b14db236441be6aa9def963b37,
        type: 3}
      propertyPath: m_LocalPosition.x
      value: 0
      objectReference: {fileID: 0}
    - target: {fileID: 1665047429917403755, guid: f9a2c6b14db236441be6aa9def963b37,
        type: 3}
      propertyPath: m_LocalPosition.y
      value: 0
      objectReference: {fileID: 0}
    - target: {fileID: 1665047429917403755, guid: f9a2c6b14db236441be6aa9def963b37,
        type: 3}
      propertyPath: m_LocalPosition.z
      value: 0
      objectReference: {fileID: 0}
    - target: {fileID: 1665047429917403755, guid: f9a2c6b14db236441be6aa9def963b37,
        type: 3}
      propertyPath: m_LocalRotation.x
      value: -0
      objectReference: {fileID: 0}
    - target: {fileID: 1665047429917403755, guid: f9a2c6b14db236441be6aa9def963b37,
        type: 3}
      propertyPath: m_LocalRotation.y
      value: -0
      objectReference: {fileID: 0}
    - target: {fileID: 1665047429917403755, guid: f9a2c6b14db236441be6aa9def963b37,
        type: 3}
      propertyPath: m_LocalRotation.z
      value: -0
      objectReference: {fileID: 0}
    - target: {fileID: 1665047429917403755, guid: f9a2c6b14db236441be6aa9def963b37,
        type: 3}
      propertyPath: m_LocalRotation.w
      value: 1
      objectReference: {fileID: 0}
    - target: {fileID: 1665047429917403755, guid: f9a2c6b14db236441be6aa9def963b37,
        type: 3}
      propertyPath: m_RootOrder
      value: 3
      objectReference: {fileID: 0}
    - target: {fileID: 1665047429917403755, guid: f9a2c6b14db236441be6aa9def963b37,
        type: 3}
      propertyPath: m_LocalEulerAnglesHint.x
      value: 0
      objectReference: {fileID: 0}
    - target: {fileID: 1665047429917403755, guid: f9a2c6b14db236441be6aa9def963b37,
        type: 3}
      propertyPath: m_LocalEulerAnglesHint.y
      value: 0
      objectReference: {fileID: 0}
    - target: {fileID: 1665047429917403755, guid: f9a2c6b14db236441be6aa9def963b37,
        type: 3}
      propertyPath: m_LocalEulerAnglesHint.z
      value: 0
      objectReference: {fileID: 0}
    - target: {fileID: 1665047429917403755, guid: f9a2c6b14db236441be6aa9def963b37,
        type: 3}
      propertyPath: m_AnchoredPosition.x
      value: 0
      objectReference: {fileID: 0}
    - target: {fileID: 1665047429917403755, guid: f9a2c6b14db236441be6aa9def963b37,
        type: 3}
      propertyPath: m_AnchoredPosition.y
      value: 0
      objectReference: {fileID: 0}
    - target: {fileID: 1665047429917403755, guid: f9a2c6b14db236441be6aa9def963b37,
        type: 3}
      propertyPath: m_SizeDelta.x
      value: 170
      objectReference: {fileID: 0}
    - target: {fileID: 1665047429917403755, guid: f9a2c6b14db236441be6aa9def963b37,
        type: 3}
      propertyPath: m_SizeDelta.y
      value: 170
      objectReference: {fileID: 0}
    - target: {fileID: 1665047429917403755, guid: f9a2c6b14db236441be6aa9def963b37,
        type: 3}
      propertyPath: m_AnchorMin.x
      value: 0.5
      objectReference: {fileID: 0}
    - target: {fileID: 1665047429917403755, guid: f9a2c6b14db236441be6aa9def963b37,
        type: 3}
      propertyPath: m_AnchorMin.y
      value: 0.5
      objectReference: {fileID: 0}
    - target: {fileID: 1665047429917403755, guid: f9a2c6b14db236441be6aa9def963b37,
        type: 3}
      propertyPath: m_AnchorMax.x
      value: 0.5
      objectReference: {fileID: 0}
    - target: {fileID: 1665047429917403755, guid: f9a2c6b14db236441be6aa9def963b37,
        type: 3}
      propertyPath: m_AnchorMax.y
      value: 0.5
      objectReference: {fileID: 0}
    - target: {fileID: 1665047429917403755, guid: f9a2c6b14db236441be6aa9def963b37,
        type: 3}
      propertyPath: m_Pivot.x
      value: 0.5
      objectReference: {fileID: 0}
    - target: {fileID: 1665047429917403755, guid: f9a2c6b14db236441be6aa9def963b37,
        type: 3}
      propertyPath: m_Pivot.y
      value: 0.5
      objectReference: {fileID: 0}
    - target: {fileID: 5810174812233675647, guid: f9a2c6b14db236441be6aa9def963b37,
        type: 3}
      propertyPath: m_Name
      value: collectible_s
      objectReference: {fileID: 0}
    - target: {fileID: 8308533915600532092, guid: f9a2c6b14db236441be6aa9def963b37,
        type: 3}
      propertyPath: m_RaycastTarget
      value: 0
      objectReference: {fileID: 0}
    m_RemovedComponents: []
  m_SourcePrefab: {fileID: 100100000, guid: f9a2c6b14db236441be6aa9def963b37, type: 3}
--- !u!224 &856932282224086683 stripped
RectTransform:
  m_CorrespondingSourceObject: {fileID: 1665047429917403755, guid: f9a2c6b14db236441be6aa9def963b37,
    type: 3}
  m_PrefabInstance: {fileID: 2089389362091353328}
  m_PrefabAsset: {fileID: 0}
--- !u!114 &7266464184727319873 stripped
MonoBehaviour:
  m_CorrespondingSourceObject: {fileID: 8658357351778767281, guid: f9a2c6b14db236441be6aa9def963b37,
    type: 3}
  m_PrefabInstance: {fileID: 2089389362091353328}
  m_PrefabAsset: {fileID: 0}
  m_GameObject: {fileID: 0}
  m_Enabled: 1
  m_EditorHideFlags: 0
  m_Script: {fileID: 11500000, guid: 53050bad8e9b1df4baeb8af715ac366e, type: 3}
  m_Name: 
  m_EditorClassIdentifier: 
--- !u!1001 &6394433895460449271
PrefabInstance:
  m_ObjectHideFlags: 0
  serializedVersion: 2
  m_Modification:
    m_TransformParent: {fileID: 983420334280407150}
    m_Modifications:
    - target: {fileID: 1189638435302483016, guid: a24214dd88235b94b965fe986058e70d,
        type: 3}
      propertyPath: m_Name
      value: interactive_zone
      objectReference: {fileID: 0}
    - target: {fileID: 7241049320467676256, guid: a24214dd88235b94b965fe986058e70d,
        type: 3}
      propertyPath: m_LocalPosition.x
      value: 0
      objectReference: {fileID: 0}
    - target: {fileID: 7241049320467676256, guid: a24214dd88235b94b965fe986058e70d,
        type: 3}
      propertyPath: m_LocalPosition.y
      value: 0
      objectReference: {fileID: 0}
    - target: {fileID: 7241049320467676256, guid: a24214dd88235b94b965fe986058e70d,
        type: 3}
      propertyPath: m_LocalPosition.z
      value: 0
      objectReference: {fileID: 0}
    - target: {fileID: 7241049320467676256, guid: a24214dd88235b94b965fe986058e70d,
        type: 3}
      propertyPath: m_LocalRotation.x
      value: 0
      objectReference: {fileID: 0}
    - target: {fileID: 7241049320467676256, guid: a24214dd88235b94b965fe986058e70d,
        type: 3}
      propertyPath: m_LocalRotation.y
      value: 0
      objectReference: {fileID: 0}
    - target: {fileID: 7241049320467676256, guid: a24214dd88235b94b965fe986058e70d,
        type: 3}
      propertyPath: m_LocalRotation.z
      value: 0
      objectReference: {fileID: 0}
    - target: {fileID: 7241049320467676256, guid: a24214dd88235b94b965fe986058e70d,
        type: 3}
      propertyPath: m_LocalRotation.w
      value: 1
      objectReference: {fileID: 0}
    - target: {fileID: 7241049320467676256, guid: a24214dd88235b94b965fe986058e70d,
        type: 3}
      propertyPath: m_RootOrder
      value: 0
      objectReference: {fileID: 0}
    - target: {fileID: 7241049320467676256, guid: a24214dd88235b94b965fe986058e70d,
        type: 3}
      propertyPath: m_LocalEulerAnglesHint.x
      value: 0
      objectReference: {fileID: 0}
    - target: {fileID: 7241049320467676256, guid: a24214dd88235b94b965fe986058e70d,
        type: 3}
      propertyPath: m_LocalEulerAnglesHint.y
      value: 0
      objectReference: {fileID: 0}
    - target: {fileID: 7241049320467676256, guid: a24214dd88235b94b965fe986058e70d,
        type: 3}
      propertyPath: m_LocalEulerAnglesHint.z
      value: 0
      objectReference: {fileID: 0}
    - target: {fileID: 7241049320467676256, guid: a24214dd88235b94b965fe986058e70d,
        type: 3}
      propertyPath: m_AnchoredPosition.x
      value: 0
      objectReference: {fileID: 0}
    - target: {fileID: 7241049320467676256, guid: a24214dd88235b94b965fe986058e70d,
        type: 3}
      propertyPath: m_AnchoredPosition.y
      value: 0
      objectReference: {fileID: 0}
    - target: {fileID: 7241049320467676256, guid: a24214dd88235b94b965fe986058e70d,
        type: 3}
      propertyPath: m_SizeDelta.x
      value: 0
      objectReference: {fileID: 0}
    - target: {fileID: 7241049320467676256, guid: a24214dd88235b94b965fe986058e70d,
        type: 3}
      propertyPath: m_SizeDelta.y
      value: 0
      objectReference: {fileID: 0}
    - target: {fileID: 7241049320467676256, guid: a24214dd88235b94b965fe986058e70d,
        type: 3}
      propertyPath: m_AnchorMin.x
      value: 0
      objectReference: {fileID: 0}
    - target: {fileID: 7241049320467676256, guid: a24214dd88235b94b965fe986058e70d,
        type: 3}
      propertyPath: m_AnchorMin.y
      value: 0
      objectReference: {fileID: 0}
    - target: {fileID: 7241049320467676256, guid: a24214dd88235b94b965fe986058e70d,
        type: 3}
      propertyPath: m_AnchorMax.x
      value: 1
      objectReference: {fileID: 0}
    - target: {fileID: 7241049320467676256, guid: a24214dd88235b94b965fe986058e70d,
        type: 3}
      propertyPath: m_AnchorMax.y
      value: 1
      objectReference: {fileID: 0}
    - target: {fileID: 7241049320467676256, guid: a24214dd88235b94b965fe986058e70d,
        type: 3}
      propertyPath: m_Pivot.x
      value: 0.5
      objectReference: {fileID: 0}
    - target: {fileID: 7241049320467676256, guid: a24214dd88235b94b965fe986058e70d,
        type: 3}
      propertyPath: m_Pivot.y
      value: 0.5
      objectReference: {fileID: 0}
    m_RemovedComponents: []
  m_SourcePrefab: {fileID: 100100000, guid: a24214dd88235b94b965fe986058e70d, type: 3}
--- !u!1 &5206133016635117503 stripped
GameObject:
  m_CorrespondingSourceObject: {fileID: 1189638435302483016, guid: a24214dd88235b94b965fe986058e70d,
    type: 3}
  m_PrefabInstance: {fileID: 6394433895460449271}
  m_PrefabAsset: {fileID: 0}
--- !u!224 &4377719022207899543 stripped
RectTransform:
  m_CorrespondingSourceObject: {fileID: 7241049320467676256, guid: a24214dd88235b94b965fe986058e70d,
    type: 3}
  m_PrefabInstance: {fileID: 6394433895460449271}
  m_PrefabAsset: {fileID: 0}
--- !u!1001 &9058768934137958547
PrefabInstance:
  m_ObjectHideFlags: 0
  serializedVersion: 2
  m_Modification:
    m_TransformParent: {fileID: 983420334280407150}
    m_Modifications:
    - target: {fileID: 1104531420922287263, guid: b1b33e5d44f81fb4684df534cd59f641,
        type: 3}
      propertyPath: m_LocalPosition.x
      value: 0
      objectReference: {fileID: 0}
    - target: {fileID: 1104531420922287263, guid: b1b33e5d44f81fb4684df534cd59f641,
        type: 3}
      propertyPath: m_LocalPosition.y
      value: 0
      objectReference: {fileID: 0}
    - target: {fileID: 1104531420922287263, guid: b1b33e5d44f81fb4684df534cd59f641,
        type: 3}
      propertyPath: m_LocalPosition.z
      value: 0
      objectReference: {fileID: 0}
    - target: {fileID: 1104531420922287263, guid: b1b33e5d44f81fb4684df534cd59f641,
        type: 3}
      propertyPath: m_LocalRotation.x
      value: 0
      objectReference: {fileID: 0}
    - target: {fileID: 1104531420922287263, guid: b1b33e5d44f81fb4684df534cd59f641,
        type: 3}
      propertyPath: m_LocalRotation.y
      value: 0
      objectReference: {fileID: 0}
    - target: {fileID: 1104531420922287263, guid: b1b33e5d44f81fb4684df534cd59f641,
        type: 3}
      propertyPath: m_LocalRotation.z
      value: 0
      objectReference: {fileID: 0}
    - target: {fileID: 1104531420922287263, guid: b1b33e5d44f81fb4684df534cd59f641,
        type: 3}
      propertyPath: m_LocalRotation.w
      value: 1
      objectReference: {fileID: 0}
    - target: {fileID: 1104531420922287263, guid: b1b33e5d44f81fb4684df534cd59f641,
        type: 3}
      propertyPath: m_RootOrder
      value: 4
      objectReference: {fileID: 0}
    - target: {fileID: 1104531420922287263, guid: b1b33e5d44f81fb4684df534cd59f641,
        type: 3}
      propertyPath: m_LocalEulerAnglesHint.x
      value: 0
      objectReference: {fileID: 0}
    - target: {fileID: 1104531420922287263, guid: b1b33e5d44f81fb4684df534cd59f641,
        type: 3}
      propertyPath: m_LocalEulerAnglesHint.y
      value: 0
      objectReference: {fileID: 0}
    - target: {fileID: 1104531420922287263, guid: b1b33e5d44f81fb4684df534cd59f641,
        type: 3}
      propertyPath: m_LocalEulerAnglesHint.z
      value: 0
      objectReference: {fileID: 0}
    - target: {fileID: 1104531420922287263, guid: b1b33e5d44f81fb4684df534cd59f641,
        type: 3}
      propertyPath: m_AnchoredPosition.x
      value: -70
      objectReference: {fileID: 0}
    - target: {fileID: 1104531420922287263, guid: b1b33e5d44f81fb4684df534cd59f641,
        type: 3}
      propertyPath: m_AnchoredPosition.y
      value: 70
      objectReference: {fileID: 0}
    - target: {fileID: 1104531420922287263, guid: b1b33e5d44f81fb4684df534cd59f641,
        type: 3}
      propertyPath: m_SizeDelta.x
      value: 50
      objectReference: {fileID: 0}
    - target: {fileID: 1104531420922287263, guid: b1b33e5d44f81fb4684df534cd59f641,
        type: 3}
      propertyPath: m_SizeDelta.y
      value: 50
      objectReference: {fileID: 0}
    - target: {fileID: 1104531420922287263, guid: b1b33e5d44f81fb4684df534cd59f641,
        type: 3}
      propertyPath: m_AnchorMin.x
      value: 0.5
      objectReference: {fileID: 0}
    - target: {fileID: 1104531420922287263, guid: b1b33e5d44f81fb4684df534cd59f641,
        type: 3}
      propertyPath: m_AnchorMin.y
      value: 0.5
      objectReference: {fileID: 0}
    - target: {fileID: 1104531420922287263, guid: b1b33e5d44f81fb4684df534cd59f641,
        type: 3}
      propertyPath: m_AnchorMax.x
      value: 0.5
      objectReference: {fileID: 0}
    - target: {fileID: 1104531420922287263, guid: b1b33e5d44f81fb4684df534cd59f641,
        type: 3}
      propertyPath: m_AnchorMax.y
      value: 0.5
      objectReference: {fileID: 0}
    - target: {fileID: 1104531420922287263, guid: b1b33e5d44f81fb4684df534cd59f641,
        type: 3}
      propertyPath: m_Pivot.x
      value: 0.5
      objectReference: {fileID: 0}
    - target: {fileID: 1104531420922287263, guid: b1b33e5d44f81fb4684df534cd59f641,
        type: 3}
      propertyPath: m_Pivot.y
      value: 0.5
      objectReference: {fileID: 0}
    - target: {fileID: 6422539702847297579, guid: b1b33e5d44f81fb4684df534cd59f641,
        type: 3}
      propertyPath: m_Name
      value: btn_close_delete
      objectReference: {fileID: 0}
    - target: {fileID: 6422539702847297579, guid: b1b33e5d44f81fb4684df534cd59f641,
        type: 3}
      propertyPath: m_IsActive
      value: 0
      objectReference: {fileID: 0}
    m_RemovedComponents: []
  m_SourcePrefab: {fileID: 100100000, guid: b1b33e5d44f81fb4684df534cd59f641, type: 3}
--- !u!224 &8278499160634131468 stripped
RectTransform:
  m_CorrespondingSourceObject: {fileID: 1104531420922287263, guid: b1b33e5d44f81fb4684df534cd59f641,
    type: 3}
  m_PrefabInstance: {fileID: 9058768934137958547}
  m_PrefabAsset: {fileID: 0}
--- !u!114 &2784532226828080627 stripped
MonoBehaviour:
  m_CorrespondingSourceObject: {fileID: 6562750809003787616, guid: b1b33e5d44f81fb4684df534cd59f641,
    type: 3}
  m_PrefabInstance: {fileID: 9058768934137958547}
  m_PrefabAsset: {fileID: 0}
  m_GameObject: {fileID: 0}
  m_Enabled: 1
  m_EditorHideFlags: 0
  m_Script: {fileID: 11500000, guid: a989fd0832f38ff4d8781f2c097474f2, type: 3}
  m_Name: 
  m_EditorClassIdentifier: 
--- !u!1 &6124835636274427795 stripped
GameObject:
  m_CorrespondingSourceObject: {fileID: 2974908851996419840, guid: b1b33e5d44f81fb4684df534cd59f641,
    type: 3}
  m_PrefabInstance: {fileID: 9058768934137958547}
  m_PrefabAsset: {fileID: 0}
