%YAML 1.1
%TAG !u! tag:unity3d.com,2011:
--- !u!114 &7361978847887556877
MonoBehaviour:
  m_ObjectHideFlags: 0
  m_CorrespondingSourceObject: {fileID: 0}
  m_PrefabInstance: {fileID: 0}
  m_PrefabAsset: {fileID: 0}
  m_GameObject: {fileID: 2771492988085265724}
  m_Enabled: 1
  m_EditorHideFlags: 0
  m_Script: {fileID: 11500000, guid: 306cc8c2b49d7114eaa3623786fc2126, type: 3}
  m_Name: 
  m_EditorClassIdentifier: 
  m_IgnoreLayout: 0
  m_MinWidth: 80
  m_MinHeight: 45
  m_PreferredWidth: -1
  m_PreferredHeight: -1
  m_FlexibleWidth: -1
  m_FlexibleHeight: -1
  m_LayoutPriority: 1
--- !u!114 &2179585355075831030
MonoBehaviour:
  m_ObjectHideFlags: 0
  m_CorrespondingSourceObject: {fileID: 0}
  m_PrefabInstance: {fileID: 0}
  m_PrefabAsset: {fileID: 0}
  m_GameObject: {fileID: 4999932724267924163}
  m_Enabled: 1
  m_EditorHideFlags: 0
  m_Script: {fileID: 11500000, guid: 306cc8c2b49d7114eaa3623786fc2126, type: 3}
  m_Name: 
  m_EditorClassIdentifier: 
  m_IgnoreLayout: 0
  m_MinWidth: 80
  m_MinHeight: 45
  m_PreferredWidth: -1
  m_PreferredHeight: -1
  m_FlexibleWidth: -1
  m_FlexibleHeight: -1
  m_LayoutPriority: 1
--- !u!114 &1613076636148485967
MonoBehaviour:
  m_ObjectHideFlags: 0
  m_CorrespondingSourceObject: {fileID: 0}
  m_PrefabInstance: {fileID: 0}
  m_PrefabAsset: {fileID: 0}
  m_GameObject: {fileID: 6934951304014236190}
  m_Enabled: 1
  m_EditorHideFlags: 0
  m_Script: {fileID: 11500000, guid: 306cc8c2b49d7114eaa3623786fc2126, type: 3}
  m_Name: 
  m_EditorClassIdentifier: 
  m_IgnoreLayout: 0
  m_MinWidth: 80
  m_MinHeight: 45
  m_PreferredWidth: -1
  m_PreferredHeight: -1
  m_FlexibleWidth: -1
  m_FlexibleHeight: -1
  m_LayoutPriority: 1
--- !u!1 &8603444965415491341
GameObject:
  m_ObjectHideFlags: 0
  m_CorrespondingSourceObject: {fileID: 0}
  m_PrefabInstance: {fileID: 0}
  m_PrefabAsset: {fileID: 0}
  serializedVersion: 6
  m_Component:
  - component: {fileID: 8154801556083533414}
  - component: {fileID: 1635746537917797303}
  m_Layer: 5
  m_Name: park_terrains
  m_TagString: Untagged
  m_Icon: {fileID: 0}
  m_NavMeshLayer: 0
  m_StaticEditorFlags: 0
  m_IsActive: 1
--- !u!224 &8154801556083533414
RectTransform:
  m_ObjectHideFlags: 0
  m_CorrespondingSourceObject: {fileID: 0}
  m_PrefabInstance: {fileID: 0}
  m_PrefabAsset: {fileID: 0}
  m_GameObject: {fileID: 8603444965415491341}
  m_LocalRotation: {x: 0, y: 0, z: 0, w: 1}
  m_LocalPosition: {x: 0, y: 0, z: 0}
  m_LocalScale: {x: 1, y: 1, z: 1}
  m_Children:
  - {fileID: 8015217280761182424}
  - {fileID: 2848361366297629450}
  - {fileID: 7047252526964784168}
  - {fileID: 4307140857974512258}
  - {fileID: 205433542785393623}
  m_Father: {fileID: 0}
  m_RootOrder: 0
  m_LocalEulerAnglesHint: {x: 0, y: 0, z: 0}
  m_AnchorMin: {x: 0, y: 0}
  m_AnchorMax: {x: 0, y: 0}
  m_AnchoredPosition: {x: 0, y: 0}
  m_SizeDelta: {x: 400, y: 50}
  m_Pivot: {x: 0.5, y: 0.5}
--- !u!114 &1635746537917797303
MonoBehaviour:
  m_ObjectHideFlags: 0
  m_CorrespondingSourceObject: {fileID: 0}
  m_PrefabInstance: {fileID: 0}
  m_PrefabAsset: {fileID: 0}
  m_GameObject: {fileID: 8603444965415491341}
  m_Enabled: 1
  m_EditorHideFlags: 0
  m_Script: {fileID: 11500000, guid: 30649d3a9faa99c48a7b1166b86bf2a0, type: 3}
  m_Name: 
  m_EditorClassIdentifier: 
  m_Padding:
    m_Left: 0
    m_Right: 0
    m_Top: 0
    m_Bottom: 0
  m_ChildAlignment: 3
  m_Spacing: 10
  m_ChildForceExpandWidth: 0
  m_ChildForceExpandHeight: 0
  m_ChildControlWidth: 1
  m_ChildControlHeight: 1
  m_ChildScaleWidth: 1
  m_ChildScaleHeight: 1
--- !u!114 &358193175592714393
MonoBehaviour:
  m_ObjectHideFlags: 0
  m_CorrespondingSourceObject: {fileID: 0}
  m_PrefabInstance: {fileID: 0}
  m_PrefabAsset: {fileID: 0}
  m_GameObject: {fileID: 8970190998237807510}
  m_Enabled: 1
  m_EditorHideFlags: 0
  m_Script: {fileID: 11500000, guid: 306cc8c2b49d7114eaa3623786fc2126, type: 3}
  m_Name: 
  m_EditorClassIdentifier: 
  m_IgnoreLayout: 0
  m_MinWidth: 80
  m_MinHeight: 45
  m_PreferredWidth: -1
  m_PreferredHeight: -1
  m_FlexibleWidth: -1
  m_FlexibleHeight: -1
  m_LayoutPriority: 1
--- !u!1001 &3605331300298189084
PrefabInstance:
  m_ObjectHideFlags: 0
  serializedVersion: 2
  m_Modification:
    m_TransformParent: {fileID: 8154801556083533414}
    m_Modifications:
    - target: {fileID: 1476872296836631584, guid: d9f415e75ade4c04db1743f22306cb0a,
        type: 3}
      propertyPath: m_Name
      value: terrain 2
      objectReference: {fileID: 0}
    - target: {fileID: 6036067473058125108, guid: d9f415e75ade4c04db1743f22306cb0a,
        type: 3}
      propertyPath: m_LocalPosition.x
      value: 0
      objectReference: {fileID: 0}
    - target: {fileID: 6036067473058125108, guid: d9f415e75ade4c04db1743f22306cb0a,
        type: 3}
      propertyPath: m_LocalPosition.y
      value: 0
      objectReference: {fileID: 0}
    - target: {fileID: 6036067473058125108, guid: d9f415e75ade4c04db1743f22306cb0a,
        type: 3}
      propertyPath: m_LocalPosition.z
      value: 0
      objectReference: {fileID: 0}
    - target: {fileID: 6036067473058125108, guid: d9f415e75ade4c04db1743f22306cb0a,
        type: 3}
      propertyPath: m_LocalRotation.x
      value: -0
      objectReference: {fileID: 0}
    - target: {fileID: 6036067473058125108, guid: d9f415e75ade4c04db1743f22306cb0a,
        type: 3}
      propertyPath: m_LocalRotation.y
      value: -0
      objectReference: {fileID: 0}
    - target: {fileID: 6036067473058125108, guid: d9f415e75ade4c04db1743f22306cb0a,
        type: 3}
      propertyPath: m_LocalRotation.z
      value: -0
      objectReference: {fileID: 0}
    - target: {fileID: 6036067473058125108, guid: d9f415e75ade4c04db1743f22306cb0a,
        type: 3}
      propertyPath: m_LocalRotation.w
      value: 1
      objectReference: {fileID: 0}
    - target: {fileID: 6036067473058125108, guid: d9f415e75ade4c04db1743f22306cb0a,
        type: 3}
      propertyPath: m_RootOrder
      value: 2
      objectReference: {fileID: 0}
    - target: {fileID: 6036067473058125108, guid: d9f415e75ade4c04db1743f22306cb0a,
        type: 3}
      propertyPath: m_LocalEulerAnglesHint.x
      value: 0
      objectReference: {fileID: 0}
    - target: {fileID: 6036067473058125108, guid: d9f415e75ade4c04db1743f22306cb0a,
        type: 3}
      propertyPath: m_LocalEulerAnglesHint.y
      value: 0
      objectReference: {fileID: 0}
    - target: {fileID: 6036067473058125108, guid: d9f415e75ade4c04db1743f22306cb0a,
        type: 3}
      propertyPath: m_LocalEulerAnglesHint.z
      value: 0
      objectReference: {fileID: 0}
    - target: {fileID: 6036067473058125108, guid: d9f415e75ade4c04db1743f22306cb0a,
        type: 3}
      propertyPath: m_AnchoredPosition.x
      value: 0
      objectReference: {fileID: 0}
    - target: {fileID: 6036067473058125108, guid: d9f415e75ade4c04db1743f22306cb0a,
        type: 3}
      propertyPath: m_AnchoredPosition.y
      value: 0
      objectReference: {fileID: 0}
    - target: {fileID: 6036067473058125108, guid: d9f415e75ade4c04db1743f22306cb0a,
        type: 3}
      propertyPath: m_AnchorMin.x
      value: 0
      objectReference: {fileID: 0}
    - target: {fileID: 6036067473058125108, guid: d9f415e75ade4c04db1743f22306cb0a,
        type: 3}
      propertyPath: m_AnchorMin.y
      value: 0
      objectReference: {fileID: 0}
    - target: {fileID: 6036067473058125108, guid: d9f415e75ade4c04db1743f22306cb0a,
        type: 3}
      propertyPath: m_AnchorMax.x
      value: 0
      objectReference: {fileID: 0}
    - target: {fileID: 6036067473058125108, guid: d9f415e75ade4c04db1743f22306cb0a,
        type: 3}
      propertyPath: m_AnchorMax.y
      value: 0
      objectReference: {fileID: 0}
    - target: {fileID: 6036067473058125108, guid: d9f415e75ade4c04db1743f22306cb0a,
        type: 3}
      propertyPath: m_Pivot.x
      value: 0.5
      objectReference: {fileID: 0}
    - target: {fileID: 6036067473058125108, guid: d9f415e75ade4c04db1743f22306cb0a,
        type: 3}
      propertyPath: m_Pivot.y
      value: 0.5
      objectReference: {fileID: 0}
    - target: {fileID: 6036067473058125108, guid: d9f415e75ade4c04db1743f22306cb0a,
        type: 3}
      propertyPath: m_SizeDelta.x
      value: 0
      objectReference: {fileID: 0}
    - target: {fileID: 6036067473058125108, guid: d9f415e75ade4c04db1743f22306cb0a,
        type: 3}
      propertyPath: m_SizeDelta.y
      value: 0
      objectReference: {fileID: 0}
    - target: {fileID: 6036067473058125108, guid: d9f415e75ade4c04db1743f22306cb0a,
        type: 3}
      propertyPath: m_LocalScale.x
      value: 0.7
      objectReference: {fileID: 0}
    - target: {fileID: 6036067473058125108, guid: d9f415e75ade4c04db1743f22306cb0a,
        type: 3}
      propertyPath: m_LocalScale.y
      value: 0.7
      objectReference: {fileID: 0}
    - target: {fileID: 7807418845018571528, guid: d9f415e75ade4c04db1743f22306cb0a,
        type: 3}
      propertyPath: m_LocalPosition.x
      value: 0
      objectReference: {fileID: 0}
    - target: {fileID: 7807418845018571528, guid: d9f415e75ade4c04db1743f22306cb0a,
        type: 3}
      propertyPath: m_LocalPosition.y
      value: 0
      objectReference: {fileID: 0}
    m_RemovedComponents: []
  m_SourcePrefab: {fileID: 100100000, guid: d9f415e75ade4c04db1743f22306cb0a, type: 3}
--- !u!1 &2771492988085265724 stripped
GameObject:
  m_CorrespondingSourceObject: {fileID: 1476872296836631584, guid: d9f415e75ade4c04db1743f22306cb0a,
    type: 3}
  m_PrefabInstance: {fileID: 3605331300298189084}
  m_PrefabAsset: {fileID: 0}
--- !u!224 &7047252526964784168 stripped
RectTransform:
  m_CorrespondingSourceObject: {fileID: 6036067473058125108, guid: d9f415e75ade4c04db1743f22306cb0a,
    type: 3}
  m_PrefabInstance: {fileID: 3605331300298189084}
  m_PrefabAsset: {fileID: 0}
--- !u!1001 &4087896103562142699
PrefabInstance:
  m_ObjectHideFlags: 0
  serializedVersion: 2
  m_Modification:
    m_TransformParent: {fileID: 8154801556083533414}
    m_Modifications:
    - target: {fileID: 6305279713964894237, guid: eeb25d01c648bcb41900fa7b5166f942,
        type: 3}
      propertyPath: m_RootOrder
      value: 0
      objectReference: {fileID: 0}
    - target: {fileID: 6305279715080002352, guid: eeb25d01c648bcb41900fa7b5166f942,
        type: 3}
      propertyPath: m_text
      value: "\u5730\u52BF\uFF1A"
      objectReference: {fileID: 0}
    - target: {fileID: 6305279715080002352, guid: eeb25d01c648bcb41900fa7b5166f942,
        type: 3}
      propertyPath: m_margin.z
      value: -5
      objectReference: {fileID: 0}
    - target: {fileID: 6305279715080002352, guid: eeb25d01c648bcb41900fa7b5166f942,
        type: 3}
      propertyPath: m_margin.w
      value: 0
      objectReference: {fileID: 0}
    - target: {fileID: 6305279715080002352, guid: eeb25d01c648bcb41900fa7b5166f942,
        type: 3}
      propertyPath: m_margin.y
      value: 0
      objectReference: {fileID: 0}
    - target: {fileID: 6305279715080002352, guid: eeb25d01c648bcb41900fa7b5166f942,
        type: 3}
      propertyPath: m_margin.x
      value: 5
      objectReference: {fileID: 0}
    - target: {fileID: 6305279715080002354, guid: eeb25d01c648bcb41900fa7b5166f942,
        type: 3}
      propertyPath: m_Name
      value: desc_l
      objectReference: {fileID: 0}
    - target: {fileID: 6305279715080002355, guid: eeb25d01c648bcb41900fa7b5166f942,
        type: 3}
      propertyPath: m_LocalPosition.x
      value: 0
      objectReference: {fileID: 0}
    - target: {fileID: 6305279715080002355, guid: eeb25d01c648bcb41900fa7b5166f942,
        type: 3}
      propertyPath: m_LocalPosition.y
      value: 0
      objectReference: {fileID: 0}
    - target: {fileID: 6305279715080002355, guid: eeb25d01c648bcb41900fa7b5166f942,
        type: 3}
      propertyPath: m_LocalPosition.z
      value: 0
      objectReference: {fileID: 0}
    - target: {fileID: 6305279715080002355, guid: eeb25d01c648bcb41900fa7b5166f942,
        type: 3}
      propertyPath: m_LocalRotation.x
      value: 0
      objectReference: {fileID: 0}
    - target: {fileID: 6305279715080002355, guid: eeb25d01c648bcb41900fa7b5166f942,
        type: 3}
      propertyPath: m_LocalRotation.y
      value: 0
      objectReference: {fileID: 0}
    - target: {fileID: 6305279715080002355, guid: eeb25d01c648bcb41900fa7b5166f942,
        type: 3}
      propertyPath: m_LocalRotation.z
      value: 0
      objectReference: {fileID: 0}
    - target: {fileID: 6305279715080002355, guid: eeb25d01c648bcb41900fa7b5166f942,
        type: 3}
      propertyPath: m_LocalRotation.w
      value: 1
      objectReference: {fileID: 0}
    - target: {fileID: 6305279715080002355, guid: eeb25d01c648bcb41900fa7b5166f942,
        type: 3}
      propertyPath: m_RootOrder
      value: 0
      objectReference: {fileID: 0}
    - target: {fileID: 6305279715080002355, guid: eeb25d01c648bcb41900fa7b5166f942,
        type: 3}
      propertyPath: m_LocalEulerAnglesHint.x
      value: 0
      objectReference: {fileID: 0}
    - target: {fileID: 6305279715080002355, guid: eeb25d01c648bcb41900fa7b5166f942,
        type: 3}
      propertyPath: m_LocalEulerAnglesHint.y
      value: 0
      objectReference: {fileID: 0}
    - target: {fileID: 6305279715080002355, guid: eeb25d01c648bcb41900fa7b5166f942,
        type: 3}
      propertyPath: m_LocalEulerAnglesHint.z
      value: 0
      objectReference: {fileID: 0}
    - target: {fileID: 6305279715080002355, guid: eeb25d01c648bcb41900fa7b5166f942,
        type: 3}
      propertyPath: m_AnchoredPosition.x
      value: 0
      objectReference: {fileID: 0}
    - target: {fileID: 6305279715080002355, guid: eeb25d01c648bcb41900fa7b5166f942,
        type: 3}
      propertyPath: m_AnchoredPosition.y
      value: 0
      objectReference: {fileID: 0}
    - target: {fileID: 6305279715080002355, guid: eeb25d01c648bcb41900fa7b5166f942,
        type: 3}
      propertyPath: m_SizeDelta.x
      value: 0
      objectReference: {fileID: 0}
    - target: {fileID: 6305279715080002355, guid: eeb25d01c648bcb41900fa7b5166f942,
        type: 3}
      propertyPath: m_SizeDelta.y
      value: 0
      objectReference: {fileID: 0}
    - target: {fileID: 6305279715080002355, guid: eeb25d01c648bcb41900fa7b5166f942,
        type: 3}
      propertyPath: m_AnchorMin.x
      value: 0
      objectReference: {fileID: 0}
    - target: {fileID: 6305279715080002355, guid: eeb25d01c648bcb41900fa7b5166f942,
        type: 3}
      propertyPath: m_AnchorMin.y
      value: 0
      objectReference: {fileID: 0}
    - target: {fileID: 6305279715080002355, guid: eeb25d01c648bcb41900fa7b5166f942,
        type: 3}
      propertyPath: m_AnchorMax.x
      value: 0
      objectReference: {fileID: 0}
    - target: {fileID: 6305279715080002355, guid: eeb25d01c648bcb41900fa7b5166f942,
        type: 3}
      propertyPath: m_AnchorMax.y
      value: 0
      objectReference: {fileID: 0}
    - target: {fileID: 6305279715080002355, guid: eeb25d01c648bcb41900fa7b5166f942,
        type: 3}
      propertyPath: m_Pivot.x
      value: 0.5
      objectReference: {fileID: 0}
    - target: {fileID: 6305279715080002355, guid: eeb25d01c648bcb41900fa7b5166f942,
        type: 3}
      propertyPath: m_Pivot.y
      value: 0.5
      objectReference: {fileID: 0}
    m_RemovedComponents: []
  m_SourcePrefab: {fileID: 100100000, guid: eeb25d01c648bcb41900fa7b5166f942, type: 3}
--- !u!224 &8015217280761182424 stripped
RectTransform:
  m_CorrespondingSourceObject: {fileID: 6305279715080002355, guid: eeb25d01c648bcb41900fa7b5166f942,
    type: 3}
  m_PrefabInstance: {fileID: 4087896103562142699}
  m_PrefabAsset: {fileID: 0}
--- !u!1001 &5845025619297384163
PrefabInstance:
  m_ObjectHideFlags: 0
  serializedVersion: 2
  m_Modification:
    m_TransformParent: {fileID: 8154801556083533414}
    m_Modifications:
    - target: {fileID: 1476872296836631584, guid: d9f415e75ade4c04db1743f22306cb0a,
        type: 3}
      propertyPath: m_Name
      value: terrain 4
      objectReference: {fileID: 0}
    - target: {fileID: 6036067473058125108, guid: d9f415e75ade4c04db1743f22306cb0a,
        type: 3}
      propertyPath: m_LocalPosition.x
      value: 0
      objectReference: {fileID: 0}
    - target: {fileID: 6036067473058125108, guid: d9f415e75ade4c04db1743f22306cb0a,
        type: 3}
      propertyPath: m_LocalPosition.y
      value: 0
      objectReference: {fileID: 0}
    - target: {fileID: 6036067473058125108, guid: d9f415e75ade4c04db1743f22306cb0a,
        type: 3}
      propertyPath: m_LocalPosition.z
      value: 0
      objectReference: {fileID: 0}
    - target: {fileID: 6036067473058125108, guid: d9f415e75ade4c04db1743f22306cb0a,
        type: 3}
      propertyPath: m_LocalRotation.x
      value: -0
      objectReference: {fileID: 0}
    - target: {fileID: 6036067473058125108, guid: d9f415e75ade4c04db1743f22306cb0a,
        type: 3}
      propertyPath: m_LocalRotation.y
      value: -0
      objectReference: {fileID: 0}
    - target: {fileID: 6036067473058125108, guid: d9f415e75ade4c04db1743f22306cb0a,
        type: 3}
      propertyPath: m_LocalRotation.z
      value: -0
      objectReference: {fileID: 0}
    - target: {fileID: 6036067473058125108, guid: d9f415e75ade4c04db1743f22306cb0a,
        type: 3}
      propertyPath: m_LocalRotation.w
      value: 1
      objectReference: {fileID: 0}
    - target: {fileID: 6036067473058125108, guid: d9f415e75ade4c04db1743f22306cb0a,
        type: 3}
      propertyPath: m_RootOrder
      value: 4
      objectReference: {fileID: 0}
    - target: {fileID: 6036067473058125108, guid: d9f415e75ade4c04db1743f22306cb0a,
        type: 3}
      propertyPath: m_LocalEulerAnglesHint.x
      value: 0
      objectReference: {fileID: 0}
    - target: {fileID: 6036067473058125108, guid: d9f415e75ade4c04db1743f22306cb0a,
        type: 3}
      propertyPath: m_LocalEulerAnglesHint.y
      value: 0
      objectReference: {fileID: 0}
    - target: {fileID: 6036067473058125108, guid: d9f415e75ade4c04db1743f22306cb0a,
        type: 3}
      propertyPath: m_LocalEulerAnglesHint.z
      value: 0
      objectReference: {fileID: 0}
    - target: {fileID: 6036067473058125108, guid: d9f415e75ade4c04db1743f22306cb0a,
        type: 3}
      propertyPath: m_AnchoredPosition.x
      value: 0
      objectReference: {fileID: 0}
    - target: {fileID: 6036067473058125108, guid: d9f415e75ade4c04db1743f22306cb0a,
        type: 3}
      propertyPath: m_AnchoredPosition.y
      value: 0
      objectReference: {fileID: 0}
    - target: {fileID: 6036067473058125108, guid: d9f415e75ade4c04db1743f22306cb0a,
        type: 3}
      propertyPath: m_AnchorMin.x
      value: 0
      objectReference: {fileID: 0}
    - target: {fileID: 6036067473058125108, guid: d9f415e75ade4c04db1743f22306cb0a,
        type: 3}
      propertyPath: m_AnchorMin.y
      value: 0
      objectReference: {fileID: 0}
    - target: {fileID: 6036067473058125108, guid: d9f415e75ade4c04db1743f22306cb0a,
        type: 3}
      propertyPath: m_AnchorMax.x
      value: 0
      objectReference: {fileID: 0}
    - target: {fileID: 6036067473058125108, guid: d9f415e75ade4c04db1743f22306cb0a,
        type: 3}
      propertyPath: m_AnchorMax.y
      value: 0
      objectReference: {fileID: 0}
    - target: {fileID: 6036067473058125108, guid: d9f415e75ade4c04db1743f22306cb0a,
        type: 3}
      propertyPath: m_Pivot.x
      value: 0.5
      objectReference: {fileID: 0}
    - target: {fileID: 6036067473058125108, guid: d9f415e75ade4c04db1743f22306cb0a,
        type: 3}
      propertyPath: m_Pivot.y
      value: 0.5
      objectReference: {fileID: 0}
    - target: {fileID: 6036067473058125108, guid: d9f415e75ade4c04db1743f22306cb0a,
        type: 3}
      propertyPath: m_SizeDelta.x
      value: 0
      objectReference: {fileID: 0}
    - target: {fileID: 6036067473058125108, guid: d9f415e75ade4c04db1743f22306cb0a,
        type: 3}
      propertyPath: m_SizeDelta.y
      value: 0
      objectReference: {fileID: 0}
    - target: {fileID: 6036067473058125108, guid: d9f415e75ade4c04db1743f22306cb0a,
        type: 3}
      propertyPath: m_LocalScale.x
      value: 0.7
      objectReference: {fileID: 0}
    - target: {fileID: 6036067473058125108, guid: d9f415e75ade4c04db1743f22306cb0a,
        type: 3}
      propertyPath: m_LocalScale.y
      value: 0.7
      objectReference: {fileID: 0}
    - target: {fileID: 7807418845018571528, guid: d9f415e75ade4c04db1743f22306cb0a,
        type: 3}
      propertyPath: m_LocalPosition.x
      value: 0
      objectReference: {fileID: 0}
    - target: {fileID: 7807418845018571528, guid: d9f415e75ade4c04db1743f22306cb0a,
        type: 3}
      propertyPath: m_LocalPosition.y
      value: 0
      objectReference: {fileID: 0}
    m_RemovedComponents: []
  m_SourcePrefab: {fileID: 100100000, guid: d9f415e75ade4c04db1743f22306cb0a, type: 3}
--- !u!1 &4999932724267924163 stripped
GameObject:
  m_CorrespondingSourceObject: {fileID: 1476872296836631584, guid: d9f415e75ade4c04db1743f22306cb0a,
    type: 3}
  m_PrefabInstance: {fileID: 5845025619297384163}
  m_PrefabAsset: {fileID: 0}
--- !u!224 &205433542785393623 stripped
RectTransform:
  m_CorrespondingSourceObject: {fileID: 6036067473058125108, guid: d9f415e75ade4c04db1743f22306cb0a,
    type: 3}
  m_PrefabInstance: {fileID: 5845025619297384163}
  m_PrefabAsset: {fileID: 0}
--- !u!1001 &7494661206390542262
PrefabInstance:
  m_ObjectHideFlags: 0
  serializedVersion: 2
  m_Modification:
    m_TransformParent: {fileID: 8154801556083533414}
    m_Modifications:
    - target: {fileID: 1476872296836631584, guid: d9f415e75ade4c04db1743f22306cb0a,
        type: 3}
      propertyPath: m_Name
      value: terrain 3
      objectReference: {fileID: 0}
    - target: {fileID: 6036067473058125108, guid: d9f415e75ade4c04db1743f22306cb0a,
        type: 3}
      propertyPath: m_LocalPosition.x
      value: 0
      objectReference: {fileID: 0}
    - target: {fileID: 6036067473058125108, guid: d9f415e75ade4c04db1743f22306cb0a,
        type: 3}
      propertyPath: m_LocalPosition.y
      value: 0
      objectReference: {fileID: 0}
    - target: {fileID: 6036067473058125108, guid: d9f415e75ade4c04db1743f22306cb0a,
        type: 3}
      propertyPath: m_LocalPosition.z
      value: 0
      objectReference: {fileID: 0}
    - target: {fileID: 6036067473058125108, guid: d9f415e75ade4c04db1743f22306cb0a,
        type: 3}
      propertyPath: m_LocalRotation.x
      value: -0
      objectReference: {fileID: 0}
    - target: {fileID: 6036067473058125108, guid: d9f415e75ade4c04db1743f22306cb0a,
        type: 3}
      propertyPath: m_LocalRotation.y
      value: -0
      objectReference: {fileID: 0}
    - target: {fileID: 6036067473058125108, guid: d9f415e75ade4c04db1743f22306cb0a,
        type: 3}
      propertyPath: m_LocalRotation.z
      value: -0
      objectReference: {fileID: 0}
    - target: {fileID: 6036067473058125108, guid: d9f415e75ade4c04db1743f22306cb0a,
        type: 3}
      propertyPath: m_LocalRotation.w
      value: 1
      objectReference: {fileID: 0}
    - target: {fileID: 6036067473058125108, guid: d9f415e75ade4c04db1743f22306cb0a,
        type: 3}
      propertyPath: m_RootOrder
      value: 3
      objectReference: {fileID: 0}
    - target: {fileID: 6036067473058125108, guid: d9f415e75ade4c04db1743f22306cb0a,
        type: 3}
      propertyPath: m_LocalEulerAnglesHint.x
      value: 0
      objectReference: {fileID: 0}
    - target: {fileID: 6036067473058125108, guid: d9f415e75ade4c04db1743f22306cb0a,
        type: 3}
      propertyPath: m_LocalEulerAnglesHint.y
      value: 0
      objectReference: {fileID: 0}
    - target: {fileID: 6036067473058125108, guid: d9f415e75ade4c04db1743f22306cb0a,
        type: 3}
      propertyPath: m_LocalEulerAnglesHint.z
      value: 0
      objectReference: {fileID: 0}
    - target: {fileID: 6036067473058125108, guid: d9f415e75ade4c04db1743f22306cb0a,
        type: 3}
      propertyPath: m_AnchoredPosition.x
      value: 0
      objectReference: {fileID: 0}
    - target: {fileID: 6036067473058125108, guid: d9f415e75ade4c04db1743f22306cb0a,
        type: 3}
      propertyPath: m_AnchoredPosition.y
      value: 0
      objectReference: {fileID: 0}
    - target: {fileID: 6036067473058125108, guid: d9f415e75ade4c04db1743f22306cb0a,
        type: 3}
      propertyPath: m_AnchorMin.x
      value: 0
      objectReference: {fileID: 0}
    - target: {fileID: 6036067473058125108, guid: d9f415e75ade4c04db1743f22306cb0a,
        type: 3}
      propertyPath: m_AnchorMin.y
      value: 0
      objectReference: {fileID: 0}
    - target: {fileID: 6036067473058125108, guid: d9f415e75ade4c04db1743f22306cb0a,
        type: 3}
      propertyPath: m_AnchorMax.x
      value: 0
      objectReference: {fileID: 0}
    - target: {fileID: 6036067473058125108, guid: d9f415e75ade4c04db1743f22306cb0a,
        type: 3}
      propertyPath: m_AnchorMax.y
      value: 0
      objectReference: {fileID: 0}
    - target: {fileID: 6036067473058125108, guid: d9f415e75ade4c04db1743f22306cb0a,
        type: 3}
      propertyPath: m_Pivot.x
      value: 0.5
      objectReference: {fileID: 0}
    - target: {fileID: 6036067473058125108, guid: d9f415e75ade4c04db1743f22306cb0a,
        type: 3}
      propertyPath: m_Pivot.y
      value: 0.5
      objectReference: {fileID: 0}
    - target: {fileID: 6036067473058125108, guid: d9f415e75ade4c04db1743f22306cb0a,
        type: 3}
      propertyPath: m_SizeDelta.x
      value: 0
      objectReference: {fileID: 0}
    - target: {fileID: 6036067473058125108, guid: d9f415e75ade4c04db1743f22306cb0a,
        type: 3}
      propertyPath: m_SizeDelta.y
      value: 0
      objectReference: {fileID: 0}
    - target: {fileID: 6036067473058125108, guid: d9f415e75ade4c04db1743f22306cb0a,
        type: 3}
      propertyPath: m_LocalScale.x
      value: 0.7
      objectReference: {fileID: 0}
    - target: {fileID: 6036067473058125108, guid: d9f415e75ade4c04db1743f22306cb0a,
        type: 3}
      propertyPath: m_LocalScale.y
      value: 0.7
      objectReference: {fileID: 0}
    - target: {fileID: 7807418845018571528, guid: d9f415e75ade4c04db1743f22306cb0a,
        type: 3}
      propertyPath: m_LocalPosition.x
      value: 0
      objectReference: {fileID: 0}
    - target: {fileID: 7807418845018571528, guid: d9f415e75ade4c04db1743f22306cb0a,
        type: 3}
      propertyPath: m_LocalPosition.y
      value: 0
      objectReference: {fileID: 0}
    m_RemovedComponents: []
  m_SourcePrefab: {fileID: 100100000, guid: d9f415e75ade4c04db1743f22306cb0a, type: 3}
--- !u!1 &8970190998237807510 stripped
GameObject:
  m_CorrespondingSourceObject: {fileID: 1476872296836631584, guid: d9f415e75ade4c04db1743f22306cb0a,
    type: 3}
  m_PrefabInstance: {fileID: 7494661206390542262}
  m_PrefabAsset: {fileID: 0}
--- !u!224 &4307140857974512258 stripped
RectTransform:
  m_CorrespondingSourceObject: {fileID: 6036067473058125108, guid: d9f415e75ade4c04db1743f22306cb0a,
    type: 3}
  m_PrefabInstance: {fileID: 7494661206390542262}
  m_PrefabAsset: {fileID: 0}
--- !u!1001 &8377542964439057982
PrefabInstance:
  m_ObjectHideFlags: 0
  serializedVersion: 2
  m_Modification:
    m_TransformParent: {fileID: 8154801556083533414}
    m_Modifications:
    - target: {fileID: 1476872296836631584, guid: d9f415e75ade4c04db1743f22306cb0a,
        type: 3}
      propertyPath: m_Name
      value: terrain 1
      objectReference: {fileID: 0}
    - target: {fileID: 6036067473058125108, guid: d9f415e75ade4c04db1743f22306cb0a,
        type: 3}
      propertyPath: m_LocalPosition.x
      value: 0
      objectReference: {fileID: 0}
    - target: {fileID: 6036067473058125108, guid: d9f415e75ade4c04db1743f22306cb0a,
        type: 3}
      propertyPath: m_LocalPosition.y
      value: 0
      objectReference: {fileID: 0}
    - target: {fileID: 6036067473058125108, guid: d9f415e75ade4c04db1743f22306cb0a,
        type: 3}
      propertyPath: m_LocalPosition.z
      value: 0
      objectReference: {fileID: 0}
    - target: {fileID: 6036067473058125108, guid: d9f415e75ade4c04db1743f22306cb0a,
        type: 3}
      propertyPath: m_LocalRotation.x
      value: -0
      objectReference: {fileID: 0}
    - target: {fileID: 6036067473058125108, guid: d9f415e75ade4c04db1743f22306cb0a,
        type: 3}
      propertyPath: m_LocalRotation.y
      value: -0
      objectReference: {fileID: 0}
    - target: {fileID: 6036067473058125108, guid: d9f415e75ade4c04db1743f22306cb0a,
        type: 3}
      propertyPath: m_LocalRotation.z
      value: -0
      objectReference: {fileID: 0}
    - target: {fileID: 6036067473058125108, guid: d9f415e75ade4c04db1743f22306cb0a,
        type: 3}
      propertyPath: m_LocalRotation.w
      value: 1
      objectReference: {fileID: 0}
    - target: {fileID: 6036067473058125108, guid: d9f415e75ade4c04db1743f22306cb0a,
        type: 3}
      propertyPath: m_RootOrder
      value: 1
      objectReference: {fileID: 0}
    - target: {fileID: 6036067473058125108, guid: d9f415e75ade4c04db1743f22306cb0a,
        type: 3}
      propertyPath: m_LocalEulerAnglesHint.x
      value: 0
      objectReference: {fileID: 0}
    - target: {fileID: 6036067473058125108, guid: d9f415e75ade4c04db1743f22306cb0a,
        type: 3}
      propertyPath: m_LocalEulerAnglesHint.y
      value: 0
      objectReference: {fileID: 0}
    - target: {fileID: 6036067473058125108, guid: d9f415e75ade4c04db1743f22306cb0a,
        type: 3}
      propertyPath: m_LocalEulerAnglesHint.z
      value: 0
      objectReference: {fileID: 0}
    - target: {fileID: 6036067473058125108, guid: d9f415e75ade4c04db1743f22306cb0a,
        type: 3}
      propertyPath: m_AnchoredPosition.x
      value: 0
      objectReference: {fileID: 0}
    - target: {fileID: 6036067473058125108, guid: d9f415e75ade4c04db1743f22306cb0a,
        type: 3}
      propertyPath: m_AnchoredPosition.y
      value: 0
      objectReference: {fileID: 0}
    - target: {fileID: 6036067473058125108, guid: d9f415e75ade4c04db1743f22306cb0a,
        type: 3}
      propertyPath: m_AnchorMin.x
      value: 0
      objectReference: {fileID: 0}
    - target: {fileID: 6036067473058125108, guid: d9f415e75ade4c04db1743f22306cb0a,
        type: 3}
      propertyPath: m_AnchorMin.y
      value: 0
      objectReference: {fileID: 0}
    - target: {fileID: 6036067473058125108, guid: d9f415e75ade4c04db1743f22306cb0a,
        type: 3}
      propertyPath: m_AnchorMax.x
      value: 0
      objectReference: {fileID: 0}
    - target: {fileID: 6036067473058125108, guid: d9f415e75ade4c04db1743f22306cb0a,
        type: 3}
      propertyPath: m_AnchorMax.y
      value: 0
      objectReference: {fileID: 0}
    - target: {fileID: 6036067473058125108, guid: d9f415e75ade4c04db1743f22306cb0a,
        type: 3}
      propertyPath: m_Pivot.x
      value: 0.5
      objectReference: {fileID: 0}
    - target: {fileID: 6036067473058125108, guid: d9f415e75ade4c04db1743f22306cb0a,
        type: 3}
      propertyPath: m_Pivot.y
      value: 0.5
      objectReference: {fileID: 0}
    - target: {fileID: 6036067473058125108, guid: d9f415e75ade4c04db1743f22306cb0a,
        type: 3}
      propertyPath: m_SizeDelta.x
      value: 0
      objectReference: {fileID: 0}
    - target: {fileID: 6036067473058125108, guid: d9f415e75ade4c04db1743f22306cb0a,
        type: 3}
      propertyPath: m_SizeDelta.y
      value: 0
      objectReference: {fileID: 0}
    - target: {fileID: 7807418845018571528, guid: d9f415e75ade4c04db1743f22306cb0a,
        type: 3}
      propertyPath: m_LocalPosition.x
      value: 0
      objectReference: {fileID: 0}
    - target: {fileID: 7807418845018571528, guid: d9f415e75ade4c04db1743f22306cb0a,
        type: 3}
      propertyPath: m_LocalPosition.y
      value: 0
      objectReference: {fileID: 0}
    m_RemovedComponents: []
  m_SourcePrefab: {fileID: 100100000, guid: d9f415e75ade4c04db1743f22306cb0a, type: 3}
--- !u!1 &6934951304014236190 stripped
GameObject:
  m_CorrespondingSourceObject: {fileID: 1476872296836631584, guid: d9f415e75ade4c04db1743f22306cb0a,
    type: 3}
  m_PrefabInstance: {fileID: 8377542964439057982}
  m_PrefabAsset: {fileID: 0}
--- !u!224 &2848361366297629450 stripped
RectTransform:
  m_CorrespondingSourceObject: {fileID: 6036067473058125108, guid: d9f415e75ade4c04db1743f22306cb0a,
    type: 3}
  m_PrefabInstance: {fileID: 8377542964439057982}
  m_PrefabAsset: {fileID: 0}
