%YAML 1.1
%TAG !u! tag:unity3d.com,2011:
--- !u!1 &500724995843360317
GameObject:
  m_ObjectHideFlags: 0
  m_CorrespondingSourceObject: {fileID: 0}
  m_PrefabInstance: {fileID: 0}
  m_PrefabAsset: {fileID: 0}
  serializedVersion: 6
  m_Component:
  - component: {fileID: 4704117968921714473}
  - component: {fileID: 5655711765418747948}
  m_Layer: 5
  m_Name: reward_selection
  m_TagString: Untagged
  m_Icon: {fileID: 0}
  m_NavMeshLayer: 0
  m_StaticEditorFlags: 0
  m_IsActive: 1
--- !u!224 &4704117968921714473
RectTransform:
  m_ObjectHideFlags: 0
  m_CorrespondingSourceObject: {fileID: 0}
  m_PrefabInstance: {fileID: 0}
  m_PrefabAsset: {fileID: 0}
  m_GameObject: {fileID: 500724995843360317}
  m_LocalRotation: {x: -0, y: -0, z: -0, w: 1}
  m_LocalPosition: {x: 0, y: 0, z: 0}
  m_LocalScale: {x: 1, y: 1, z: 1}
  m_Children:
  - {fileID: 2835976938945308367}
  m_Father: {fileID: 0}
  m_RootOrder: 0
  m_LocalEulerAnglesHint: {x: 0, y: 0, z: 0}
  m_AnchorMin: {x: 0.5, y: 0.5}
  m_AnchorMax: {x: 0.5, y: 0.5}
  m_AnchoredPosition: {x: 0, y: 0}
  m_SizeDelta: {x: 250, y: 250}
  m_Pivot: {x: 0.5, y: 0.5}
--- !u!114 &5655711765418747948
MonoBehaviour:
  m_ObjectHideFlags: 0
  m_CorrespondingSourceObject: {fileID: 0}
  m_PrefabInstance: {fileID: 0}
  m_PrefabAsset: {fileID: 0}
  m_GameObject: {fileID: 500724995843360317}
  m_Enabled: 1
  m_EditorHideFlags: 0
  m_Script: {fileID: 11500000, guid: 78b767e04ff755f4c8733e3868a579b6, type: 3}
  m_Name: 
  m_EditorClassIdentifier: 
  tokenUID: 
  status: 0
  content: {fileID: 5149451624566280629}
  interactiveArea: {fileID: 7194889921950190394}
  frame: {fileID: 4046318707067196089}
  art: {fileID: 8456507009528298420}
  mask: {fileID: 2334768837131583005}
  rewardName: {fileID: 4041888107761718784}
  desc: {fileID: 543792593821107664}
--- !u!1 &2286039231330613573
GameObject:
  m_ObjectHideFlags: 0
  m_CorrespondingSourceObject: {fileID: 0}
  m_PrefabInstance: {fileID: 0}
  m_PrefabAsset: {fileID: 0}
  serializedVersion: 6
  m_Component:
  - component: {fileID: 5703479579413461705}
  - component: {fileID: 8500487846316816372}
  - component: {fileID: 8456507009528298420}
  - component: {fileID: 8163814367058318677}
  m_Layer: 5
  m_Name: art
  m_TagString: Untagged
  m_Icon: {fileID: 0}
  m_NavMeshLayer: 0
  m_StaticEditorFlags: 0
  m_IsActive: 1
--- !u!224 &5703479579413461705
RectTransform:
  m_ObjectHideFlags: 0
  m_CorrespondingSourceObject: {fileID: 0}
  m_PrefabInstance: {fileID: 0}
  m_PrefabAsset: {fileID: 0}
  m_GameObject: {fileID: 2286039231330613573}
  m_LocalRotation: {x: -0, y: -0, z: -0, w: 1}
  m_LocalPosition: {x: 0, y: 0, z: 0}
  m_LocalScale: {x: 1, y: 1, z: 1}
  m_Children: []
  m_Father: {fileID: 2835976938945308367}
  m_RootOrder: 3
  m_LocalEulerAnglesHint: {x: 0, y: 0, z: 0}
  m_AnchorMin: {x: 0.5, y: 0.5}
  m_AnchorMax: {x: 0.5, y: 0.5}
  m_AnchoredPosition: {x: 0, y: 20}
  m_SizeDelta: {x: 150, y: 150}
  m_Pivot: {x: 0.5, y: 0.5}
--- !u!222 &8500487846316816372
CanvasRenderer:
  m_ObjectHideFlags: 0
  m_CorrespondingSourceObject: {fileID: 0}
  m_PrefabInstance: {fileID: 0}
  m_PrefabAsset: {fileID: 0}
  m_GameObject: {fileID: 2286039231330613573}
  m_CullTransparentMesh: 0
--- !u!114 &8456507009528298420
MonoBehaviour:
  m_ObjectHideFlags: 0
  m_CorrespondingSourceObject: {fileID: 0}
  m_PrefabInstance: {fileID: 0}
  m_PrefabAsset: {fileID: 0}
  m_GameObject: {fileID: 2286039231330613573}
  m_Enabled: 1
  m_EditorHideFlags: 0
  m_Script: {fileID: 11500000, guid: fe87c0e1cc204ed48ad3b37840f39efc, type: 3}
  m_Name: 
  m_EditorClassIdentifier: 
  m_Material: {fileID: 0}
  m_Color: {r: 1, g: 1, b: 1, a: 1}
  m_RaycastTarget: 0
  m_Maskable: 1
  m_OnCullStateChanged:
    m_PersistentCalls:
      m_Calls: []
  m_Sprite: {fileID: 21300000, guid: 6e9f2c3a44d09a240b99985438136b08, type: 3}
  m_Type: 0
  m_PreserveAspect: 0
  m_FillCenter: 1
  m_FillMethod: 4
  m_FillAmount: 1
  m_FillClockwise: 1
  m_FillOrigin: 0
  m_UseSpriteMesh: 0
  m_PixelsPerUnitMultiplier: 1
--- !u!114 &8163814367058318677
MonoBehaviour:
  m_ObjectHideFlags: 0
  m_CorrespondingSourceObject: {fileID: 0}
  m_PrefabInstance: {fileID: 0}
  m_PrefabAsset: {fileID: 0}
  m_GameObject: {fileID: 2286039231330613573}
  m_Enabled: 0
  m_EditorHideFlags: 0
  m_Script: {fileID: 11500000, guid: cfabb0440166ab443bba8876756fdfa9, type: 3}
  m_Name: 
  m_EditorClassIdentifier: 
  m_EffectColor: {r: 0, g: 0, b: 0, a: 0.5}
  m_EffectDistance: {x: 1, y: -1}
  m_UseGraphicAlpha: 1
--- !u!1 &4263976866996364747
GameObject:
  m_ObjectHideFlags: 0
  m_CorrespondingSourceObject: {fileID: 0}
  m_PrefabInstance: {fileID: 0}
  m_PrefabAsset: {fileID: 0}
  serializedVersion: 6
  m_Component:
  - component: {fileID: 6391643505339367148}
  - component: {fileID: 3024683640276153364}
  - component: {fileID: 4046318707067196089}
  - component: {fileID: 5612812765646700872}
  m_Layer: 5
  m_Name: frame
  m_TagString: Untagged
  m_Icon: {fileID: 0}
  m_NavMeshLayer: 0
  m_StaticEditorFlags: 0
  m_IsActive: 1
--- !u!224 &6391643505339367148
RectTransform:
  m_ObjectHideFlags: 0
  m_CorrespondingSourceObject: {fileID: 0}
  m_PrefabInstance: {fileID: 0}
  m_PrefabAsset: {fileID: 0}
  m_GameObject: {fileID: 4263976866996364747}
  m_LocalRotation: {x: -0, y: -0, z: -0, w: 1}
  m_LocalPosition: {x: 0, y: 0, z: 0}
  m_LocalScale: {x: 1, y: 1, z: 1}
  m_Children: []
  m_Father: {fileID: 2835976938945308367}
  m_RootOrder: 1
  m_LocalEulerAnglesHint: {x: 0, y: 0, z: 0}
  m_AnchorMin: {x: 0, y: 0}
  m_AnchorMax: {x: 1, y: 1}
  m_AnchoredPosition: {x: 0, y: 0}
  m_SizeDelta: {x: 0, y: 0}
  m_Pivot: {x: 0.5, y: 0.5}
--- !u!222 &3024683640276153364
CanvasRenderer:
  m_ObjectHideFlags: 0
  m_CorrespondingSourceObject: {fileID: 0}
  m_PrefabInstance: {fileID: 0}
  m_PrefabAsset: {fileID: 0}
  m_GameObject: {fileID: 4263976866996364747}
  m_CullTransparentMesh: 0
--- !u!114 &4046318707067196089
MonoBehaviour:
  m_ObjectHideFlags: 0
  m_CorrespondingSourceObject: {fileID: 0}
  m_PrefabInstance: {fileID: 0}
  m_PrefabAsset: {fileID: 0}
  m_GameObject: {fileID: 4263976866996364747}
  m_Enabled: 1
  m_EditorHideFlags: 0
  m_Script: {fileID: 11500000, guid: fe87c0e1cc204ed48ad3b37840f39efc, type: 3}
  m_Name: 
  m_EditorClassIdentifier: 
  m_Material: {fileID: 0}
  m_Color: {r: 1, g: 1, b: 1, a: 1}
  m_RaycastTarget: 0
  m_Maskable: 1
  m_OnCullStateChanged:
    m_PersistentCalls:
      m_Calls: []
  m_Sprite: {fileID: -5190648554304268181, guid: 03ae290c95f48994e940e94b71a55a02,
    type: 3}
  m_Type: 0
  m_PreserveAspect: 0
  m_FillCenter: 1
  m_FillMethod: 4
  m_FillAmount: 1
  m_FillClockwise: 1
  m_FillOrigin: 0
  m_UseSpriteMesh: 0
  m_PixelsPerUnitMultiplier: 1
--- !u!114 &5612812765646700872
MonoBehaviour:
  m_ObjectHideFlags: 0
  m_CorrespondingSourceObject: {fileID: 0}
  m_PrefabInstance: {fileID: 0}
  m_PrefabAsset: {fileID: 0}
  m_GameObject: {fileID: 4263976866996364747}
  m_Enabled: 1
  m_EditorHideFlags: 0
  m_Script: {fileID: 11500000, guid: cfabb0440166ab443bba8876756fdfa9, type: 3}
  m_Name: 
  m_EditorClassIdentifier: 
  m_EffectColor: {r: 0, g: 0, b: 0, a: 0.5}
  m_EffectDistance: {x: 10, y: -10}
  m_UseGraphicAlpha: 1
--- !u!1 &5149451624566280629
GameObject:
  m_ObjectHideFlags: 0
  m_CorrespondingSourceObject: {fileID: 0}
  m_PrefabInstance: {fileID: 0}
  m_PrefabAsset: {fileID: 0}
  serializedVersion: 6
  m_Component:
  - component: {fileID: 2835976938945308367}
  m_Layer: 5
  m_Name: content
  m_TagString: Untagged
  m_Icon: {fileID: 0}
  m_NavMeshLayer: 0
  m_StaticEditorFlags: 0
  m_IsActive: 1
--- !u!224 &2835976938945308367
RectTransform:
  m_ObjectHideFlags: 0
  m_CorrespondingSourceObject: {fileID: 0}
  m_PrefabInstance: {fileID: 0}
  m_PrefabAsset: {fileID: 0}
  m_GameObject: {fileID: 5149451624566280629}
  m_LocalRotation: {x: 0, y: 0, z: 0, w: 1}
  m_LocalPosition: {x: 0, y: 0, z: 0}
  m_LocalScale: {x: 1, y: 1, z: 1}
  m_Children:
  - {fileID: 1668104717574935314}
  - {fileID: 6391643505339367148}
  - {fileID: 5546413158145450727}
  - {fileID: 5703479579413461705}
  - {fileID: 1273034548398803242}
  - {fileID: 3330096945953577722}
  m_Father: {fileID: 4704117968921714473}
  m_RootOrder: 0
  m_LocalEulerAnglesHint: {x: 0, y: 0, z: 0}
  m_AnchorMin: {x: 0.5, y: 0.5}
  m_AnchorMax: {x: 0.5, y: 0.5}
  m_AnchoredPosition: {x: 0, y: 0}
  m_SizeDelta: {x: 250, y: 250}
  m_Pivot: {x: 0.5, y: 0.5}
--- !u!114 &3614930074888769499
MonoBehaviour:
  m_ObjectHideFlags: 0
  m_CorrespondingSourceObject: {fileID: 0}
  m_PrefabInstance: {fileID: 0}
  m_PrefabAsset: {fileID: 0}
  m_GameObject: {fileID: 7194889921950190394}
  m_Enabled: 1
  m_EditorHideFlags: 0
  m_Script: {fileID: 11500000, guid: d0b148fe25e99eb48b9724523833bab1, type: 3}
  m_Name: 
  m_EditorClassIdentifier: 
  m_Delegates:
  - eventID: 4
    callback:
      m_PersistentCalls:
        m_Calls:
        - m_Target: {fileID: 5655711765418747948}
          m_MethodName: OnTokenClicked
          m_Mode: 3
          m_Arguments:
            m_ObjectArgument: {fileID: 0}
            m_ObjectArgumentAssemblyTypeName: UnityEngine.Object, UnityEngine
            m_IntArgument: 0
            m_FloatArgument: 0
            m_StringArgument: 
            m_BoolArgument: 0
          m_CallState: 2
--- !u!1001 &1430709252713974962
PrefabInstance:
  m_ObjectHideFlags: 0
  serializedVersion: 2
  m_Modification:
    m_TransformParent: {fileID: 2835976938945308367}
    m_Modifications:
    - target: {fileID: 4461950106128082278, guid: 2a3d1742bd144d746b28f8a66424dab4,
        type: 3}
      propertyPath: m_RootOrder
      value: 0
      objectReference: {fileID: 0}
    - target: {fileID: 4461950107244074568, guid: 2a3d1742bd144d746b28f8a66424dab4,
        type: 3}
      propertyPath: m_LocalPosition.x
      value: 0
      objectReference: {fileID: 0}
    - target: {fileID: 4461950107244074568, guid: 2a3d1742bd144d746b28f8a66424dab4,
        type: 3}
      propertyPath: m_LocalPosition.y
      value: 0
      objectReference: {fileID: 0}
    - target: {fileID: 4461950107244074568, guid: 2a3d1742bd144d746b28f8a66424dab4,
        type: 3}
      propertyPath: m_LocalPosition.z
      value: 0
      objectReference: {fileID: 0}
    - target: {fileID: 4461950107244074568, guid: 2a3d1742bd144d746b28f8a66424dab4,
        type: 3}
      propertyPath: m_LocalRotation.x
      value: -0
      objectReference: {fileID: 0}
    - target: {fileID: 4461950107244074568, guid: 2a3d1742bd144d746b28f8a66424dab4,
        type: 3}
      propertyPath: m_LocalRotation.y
      value: -0
      objectReference: {fileID: 0}
    - target: {fileID: 4461950107244074568, guid: 2a3d1742bd144d746b28f8a66424dab4,
        type: 3}
      propertyPath: m_LocalRotation.z
      value: -0
      objectReference: {fileID: 0}
    - target: {fileID: 4461950107244074568, guid: 2a3d1742bd144d746b28f8a66424dab4,
        type: 3}
      propertyPath: m_LocalRotation.w
      value: 1
      objectReference: {fileID: 0}
    - target: {fileID: 4461950107244074568, guid: 2a3d1742bd144d746b28f8a66424dab4,
        type: 3}
      propertyPath: m_RootOrder
      value: 5
      objectReference: {fileID: 0}
    - target: {fileID: 4461950107244074568, guid: 2a3d1742bd144d746b28f8a66424dab4,
        type: 3}
      propertyPath: m_LocalEulerAnglesHint.x
      value: 0
      objectReference: {fileID: 0}
    - target: {fileID: 4461950107244074568, guid: 2a3d1742bd144d746b28f8a66424dab4,
        type: 3}
      propertyPath: m_LocalEulerAnglesHint.y
      value: 0
      objectReference: {fileID: 0}
    - target: {fileID: 4461950107244074568, guid: 2a3d1742bd144d746b28f8a66424dab4,
        type: 3}
      propertyPath: m_LocalEulerAnglesHint.z
      value: 0
      objectReference: {fileID: 0}
    - target: {fileID: 4461950107244074568, guid: 2a3d1742bd144d746b28f8a66424dab4,
        type: 3}
      propertyPath: m_AnchoredPosition.x
      value: 0
      objectReference: {fileID: 0}
    - target: {fileID: 4461950107244074568, guid: 2a3d1742bd144d746b28f8a66424dab4,
        type: 3}
      propertyPath: m_AnchoredPosition.y
      value: -90
      objectReference: {fileID: 0}
    - target: {fileID: 4461950107244074568, guid: 2a3d1742bd144d746b28f8a66424dab4,
        type: 3}
      propertyPath: m_SizeDelta.x
      value: 230
      objectReference: {fileID: 0}
    - target: {fileID: 4461950107244074568, guid: 2a3d1742bd144d746b28f8a66424dab4,
        type: 3}
      propertyPath: m_SizeDelta.y
      value: 70
      objectReference: {fileID: 0}
    - target: {fileID: 4461950107244074568, guid: 2a3d1742bd144d746b28f8a66424dab4,
        type: 3}
      propertyPath: m_AnchorMin.x
      value: 0.5
      objectReference: {fileID: 0}
    - target: {fileID: 4461950107244074568, guid: 2a3d1742bd144d746b28f8a66424dab4,
        type: 3}
      propertyPath: m_AnchorMin.y
      value: 0.5
      objectReference: {fileID: 0}
    - target: {fileID: 4461950107244074568, guid: 2a3d1742bd144d746b28f8a66424dab4,
        type: 3}
      propertyPath: m_AnchorMax.x
      value: 0.5
      objectReference: {fileID: 0}
    - target: {fileID: 4461950107244074568, guid: 2a3d1742bd144d746b28f8a66424dab4,
        type: 3}
      propertyPath: m_AnchorMax.y
      value: 0.5
      objectReference: {fileID: 0}
    - target: {fileID: 4461950107244074568, guid: 2a3d1742bd144d746b28f8a66424dab4,
        type: 3}
      propertyPath: m_Pivot.x
      value: 0.5
      objectReference: {fileID: 0}
    - target: {fileID: 4461950107244074568, guid: 2a3d1742bd144d746b28f8a66424dab4,
        type: 3}
      propertyPath: m_Pivot.y
      value: 0.5
      objectReference: {fileID: 0}
    - target: {fileID: 4461950107244074569, guid: 2a3d1742bd144d746b28f8a66424dab4,
        type: 3}
      propertyPath: m_Name
      value: desc
      objectReference: {fileID: 0}
    - target: {fileID: 4461950107244074571, guid: 2a3d1742bd144d746b28f8a66424dab4,
        type: 3}
      propertyPath: m_text
      value: "\u6D4B\u8BD5 1-2<br>\u4E0B\u4E2A\u573A\u666F\uFF1A\u4F53\u529B\u6062\u590D+3<br>\u4E0B\u4E2A\u573A\u666F\uFF1A\u4F53\u529B\u6062\u590D+3"
      objectReference: {fileID: 0}
    - target: {fileID: 4461950107244074571, guid: 2a3d1742bd144d746b28f8a66424dab4,
        type: 3}
      propertyPath: m_HorizontalAlignment
      value: 2
      objectReference: {fileID: 0}
    - target: {fileID: 4461950107244074571, guid: 2a3d1742bd144d746b28f8a66424dab4,
        type: 3}
      propertyPath: m_enableWordWrapping
      value: 1
      objectReference: {fileID: 0}
    m_RemovedComponents: []
  m_SourcePrefab: {fileID: 100100000, guid: 2a3d1742bd144d746b28f8a66424dab4, type: 3}
--- !u!224 &3330096945953577722 stripped
RectTransform:
  m_CorrespondingSourceObject: {fileID: 4461950107244074568, guid: 2a3d1742bd144d746b28f8a66424dab4,
    type: 3}
  m_PrefabInstance: {fileID: 1430709252713974962}
  m_PrefabAsset: {fileID: 0}
--- !u!114 &543792593821107664 stripped
MonoBehaviour:
  m_CorrespondingSourceObject: {fileID: 1463975575656040802, guid: 2a3d1742bd144d746b28f8a66424dab4,
    type: 3}
  m_PrefabInstance: {fileID: 1430709252713974962}
  m_PrefabAsset: {fileID: 0}
  m_GameObject: {fileID: 0}
  m_Enabled: 1
  m_EditorHideFlags: 0
  m_Script: {fileID: 11500000, guid: 366e5fcf4374db04ca4e6b17b07f10b7, type: 3}
  m_Name: 
  m_EditorClassIdentifier: 
--- !u!1001 &2919896749508189831
PrefabInstance:
  m_ObjectHideFlags: 0
  serializedVersion: 2
  m_Modification:
    m_TransformParent: {fileID: 2835976938945308367}
    m_Modifications:
    - target: {fileID: 640440770052087962, guid: 74767253c64387947bd4e8ea84424121,
        type: 3}
      propertyPath: m_Sprite
      value: 
      objectReference: {fileID: -8880704441774419083, guid: f224a4dda8d36c448b247913d3528994,
        type: 3}
    - target: {fileID: 1189638435302483016, guid: 74767253c64387947bd4e8ea84424121,
        type: 3}
      propertyPath: m_Name
      value: mask
      objectReference: {fileID: 0}
    - target: {fileID: 7241049320467676256, guid: 74767253c64387947bd4e8ea84424121,
        type: 3}
      propertyPath: m_LocalPosition.x
      value: 0
      objectReference: {fileID: 0}
    - target: {fileID: 7241049320467676256, guid: 74767253c64387947bd4e8ea84424121,
        type: 3}
      propertyPath: m_LocalPosition.y
      value: 0
      objectReference: {fileID: 0}
    - target: {fileID: 7241049320467676256, guid: 74767253c64387947bd4e8ea84424121,
        type: 3}
      propertyPath: m_LocalPosition.z
      value: 0
      objectReference: {fileID: 0}
    - target: {fileID: 7241049320467676256, guid: 74767253c64387947bd4e8ea84424121,
        type: 3}
      propertyPath: m_LocalRotation.x
      value: 0
      objectReference: {fileID: 0}
    - target: {fileID: 7241049320467676256, guid: 74767253c64387947bd4e8ea84424121,
        type: 3}
      propertyPath: m_LocalRotation.y
      value: 0
      objectReference: {fileID: 0}
    - target: {fileID: 7241049320467676256, guid: 74767253c64387947bd4e8ea84424121,
        type: 3}
      propertyPath: m_LocalRotation.z
      value: 0
      objectReference: {fileID: 0}
    - target: {fileID: 7241049320467676256, guid: 74767253c64387947bd4e8ea84424121,
        type: 3}
      propertyPath: m_LocalRotation.w
      value: 1
      objectReference: {fileID: 0}
    - target: {fileID: 7241049320467676256, guid: 74767253c64387947bd4e8ea84424121,
        type: 3}
      propertyPath: m_RootOrder
      value: 2
      objectReference: {fileID: 0}
    - target: {fileID: 7241049320467676256, guid: 74767253c64387947bd4e8ea84424121,
        type: 3}
      propertyPath: m_LocalEulerAnglesHint.x
      value: 0
      objectReference: {fileID: 0}
    - target: {fileID: 7241049320467676256, guid: 74767253c64387947bd4e8ea84424121,
        type: 3}
      propertyPath: m_LocalEulerAnglesHint.y
      value: 0
      objectReference: {fileID: 0}
    - target: {fileID: 7241049320467676256, guid: 74767253c64387947bd4e8ea84424121,
        type: 3}
      propertyPath: m_LocalEulerAnglesHint.z
      value: 0
      objectReference: {fileID: 0}
    - target: {fileID: 7241049320467676256, guid: 74767253c64387947bd4e8ea84424121,
        type: 3}
      propertyPath: m_AnchoredPosition.x
      value: 0
      objectReference: {fileID: 0}
    - target: {fileID: 7241049320467676256, guid: 74767253c64387947bd4e8ea84424121,
        type: 3}
      propertyPath: m_AnchoredPosition.y
      value: 0
      objectReference: {fileID: 0}
    - target: {fileID: 7241049320467676256, guid: 74767253c64387947bd4e8ea84424121,
        type: 3}
      propertyPath: m_SizeDelta.x
      value: 0
      objectReference: {fileID: 0}
    - target: {fileID: 7241049320467676256, guid: 74767253c64387947bd4e8ea84424121,
        type: 3}
      propertyPath: m_SizeDelta.y
      value: 0
      objectReference: {fileID: 0}
    - target: {fileID: 7241049320467676256, guid: 74767253c64387947bd4e8ea84424121,
        type: 3}
      propertyPath: m_AnchorMin.x
      value: 0
      objectReference: {fileID: 0}
    - target: {fileID: 7241049320467676256, guid: 74767253c64387947bd4e8ea84424121,
        type: 3}
      propertyPath: m_AnchorMin.y
      value: 0
      objectReference: {fileID: 0}
    - target: {fileID: 7241049320467676256, guid: 74767253c64387947bd4e8ea84424121,
        type: 3}
      propertyPath: m_AnchorMax.x
      value: 1
      objectReference: {fileID: 0}
    - target: {fileID: 7241049320467676256, guid: 74767253c64387947bd4e8ea84424121,
        type: 3}
      propertyPath: m_AnchorMax.y
      value: 1
      objectReference: {fileID: 0}
    - target: {fileID: 7241049320467676256, guid: 74767253c64387947bd4e8ea84424121,
        type: 3}
      propertyPath: m_Pivot.x
      value: 0.5
      objectReference: {fileID: 0}
    - target: {fileID: 7241049320467676256, guid: 74767253c64387947bd4e8ea84424121,
        type: 3}
      propertyPath: m_Pivot.y
      value: 0.5
      objectReference: {fileID: 0}
    m_RemovedComponents: []
  m_SourcePrefab: {fileID: 100100000, guid: 74767253c64387947bd4e8ea84424121, type: 3}
--- !u!224 &5546413158145450727 stripped
RectTransform:
  m_CorrespondingSourceObject: {fileID: 7241049320467676256, guid: 74767253c64387947bd4e8ea84424121,
    type: 3}
  m_PrefabInstance: {fileID: 2919896749508189831}
  m_PrefabAsset: {fileID: 0}
--- !u!114 &2334768837131583005 stripped
MonoBehaviour:
  m_CorrespondingSourceObject: {fileID: 640440770052087962, guid: 74767253c64387947bd4e8ea84424121,
    type: 3}
  m_PrefabInstance: {fileID: 2919896749508189831}
  m_PrefabAsset: {fileID: 0}
  m_GameObject: {fileID: 0}
  m_Enabled: 1
  m_EditorHideFlags: 0
  m_Script: {fileID: 11500000, guid: fe87c0e1cc204ed48ad3b37840f39efc, type: 3}
  m_Name: 
  m_EditorClassIdentifier: 
--- !u!1001 &5055959442194797081
PrefabInstance:
  m_ObjectHideFlags: 0
  serializedVersion: 2
  m_Modification:
    m_TransformParent: {fileID: 2835976938945308367}
    m_Modifications:
    - target: {fileID: 6305279713964894237, guid: eeb25d01c648bcb41900fa7b5166f942,
        type: 3}
      propertyPath: m_RootOrder
      value: 0
      objectReference: {fileID: 0}
    - target: {fileID: 6305279715080002352, guid: eeb25d01c648bcb41900fa7b5166f942,
        type: 3}
      propertyPath: m_text
      value: "\u8865\u7ED9\u884C\u52A8"
      objectReference: {fileID: 0}
    - target: {fileID: 6305279715080002352, guid: eeb25d01c648bcb41900fa7b5166f942,
        type: 3}
      propertyPath: m_HorizontalAlignment
      value: 2
      objectReference: {fileID: 0}
    - target: {fileID: 6305279715080002352, guid: eeb25d01c648bcb41900fa7b5166f942,
        type: 3}
      propertyPath: m_VerticalAlignment
      value: 256
      objectReference: {fileID: 0}
    - target: {fileID: 6305279715080002352, guid: eeb25d01c648bcb41900fa7b5166f942,
        type: 3}
      propertyPath: m_enableWordWrapping
      value: 1
      objectReference: {fileID: 0}
    - target: {fileID: 6305279715080002354, guid: eeb25d01c648bcb41900fa7b5166f942,
        type: 3}
      propertyPath: m_Name
      value: title
      objectReference: {fileID: 0}
    - target: {fileID: 6305279715080002355, guid: eeb25d01c648bcb41900fa7b5166f942,
        type: 3}
      propertyPath: m_LocalPosition.x
      value: 0
      objectReference: {fileID: 0}
    - target: {fileID: 6305279715080002355, guid: eeb25d01c648bcb41900fa7b5166f942,
        type: 3}
      propertyPath: m_LocalPosition.y
      value: 0
      objectReference: {fileID: 0}
    - target: {fileID: 6305279715080002355, guid: eeb25d01c648bcb41900fa7b5166f942,
        type: 3}
      propertyPath: m_LocalPosition.z
      value: 0
      objectReference: {fileID: 0}
    - target: {fileID: 6305279715080002355, guid: eeb25d01c648bcb41900fa7b5166f942,
        type: 3}
      propertyPath: m_LocalRotation.x
      value: -0
      objectReference: {fileID: 0}
    - target: {fileID: 6305279715080002355, guid: eeb25d01c648bcb41900fa7b5166f942,
        type: 3}
      propertyPath: m_LocalRotation.y
      value: -0
      objectReference: {fileID: 0}
    - target: {fileID: 6305279715080002355, guid: eeb25d01c648bcb41900fa7b5166f942,
        type: 3}
      propertyPath: m_LocalRotation.z
      value: -0
      objectReference: {fileID: 0}
    - target: {fileID: 6305279715080002355, guid: eeb25d01c648bcb41900fa7b5166f942,
        type: 3}
      propertyPath: m_LocalRotation.w
      value: 1
      objectReference: {fileID: 0}
    - target: {fileID: 6305279715080002355, guid: eeb25d01c648bcb41900fa7b5166f942,
        type: 3}
      propertyPath: m_RootOrder
      value: 4
      objectReference: {fileID: 0}
    - target: {fileID: 6305279715080002355, guid: eeb25d01c648bcb41900fa7b5166f942,
        type: 3}
      propertyPath: m_LocalEulerAnglesHint.x
      value: 0
      objectReference: {fileID: 0}
    - target: {fileID: 6305279715080002355, guid: eeb25d01c648bcb41900fa7b5166f942,
        type: 3}
      propertyPath: m_LocalEulerAnglesHint.y
      value: 0
      objectReference: {fileID: 0}
    - target: {fileID: 6305279715080002355, guid: eeb25d01c648bcb41900fa7b5166f942,
        type: 3}
      propertyPath: m_LocalEulerAnglesHint.z
      value: 0
      objectReference: {fileID: 0}
    - target: {fileID: 6305279715080002355, guid: eeb25d01c648bcb41900fa7b5166f942,
        type: 3}
      propertyPath: m_AnchoredPosition.x
      value: -95
      objectReference: {fileID: 0}
    - target: {fileID: 6305279715080002355, guid: eeb25d01c648bcb41900fa7b5166f942,
        type: 3}
      propertyPath: m_AnchoredPosition.y
      value: 50
      objectReference: {fileID: 0}
    - target: {fileID: 6305279715080002355, guid: eeb25d01c648bcb41900fa7b5166f942,
        type: 3}
      propertyPath: m_SizeDelta.x
      value: 40
      objectReference: {fileID: 0}
    - target: {fileID: 6305279715080002355, guid: eeb25d01c648bcb41900fa7b5166f942,
        type: 3}
      propertyPath: m_SizeDelta.y
      value: 120
      objectReference: {fileID: 0}
    - target: {fileID: 6305279715080002355, guid: eeb25d01c648bcb41900fa7b5166f942,
        type: 3}
      propertyPath: m_AnchorMin.x
      value: 0.5
      objectReference: {fileID: 0}
    - target: {fileID: 6305279715080002355, guid: eeb25d01c648bcb41900fa7b5166f942,
        type: 3}
      propertyPath: m_AnchorMin.y
      value: 0.5
      objectReference: {fileID: 0}
    - target: {fileID: 6305279715080002355, guid: eeb25d01c648bcb41900fa7b5166f942,
        type: 3}
      propertyPath: m_AnchorMax.x
      value: 0.5
      objectReference: {fileID: 0}
    - target: {fileID: 6305279715080002355, guid: eeb25d01c648bcb41900fa7b5166f942,
        type: 3}
      propertyPath: m_AnchorMax.y
      value: 0.5
      objectReference: {fileID: 0}
    - target: {fileID: 6305279715080002355, guid: eeb25d01c648bcb41900fa7b5166f942,
        type: 3}
      propertyPath: m_Pivot.x
      value: 0.5
      objectReference: {fileID: 0}
    - target: {fileID: 6305279715080002355, guid: eeb25d01c648bcb41900fa7b5166f942,
        type: 3}
      propertyPath: m_Pivot.y
      value: 0.5
      objectReference: {fileID: 0}
    m_RemovedComponents: []
  m_SourcePrefab: {fileID: 100100000, guid: eeb25d01c648bcb41900fa7b5166f942, type: 3}
--- !u!224 &1273034548398803242 stripped
RectTransform:
  m_CorrespondingSourceObject: {fileID: 6305279715080002355, guid: eeb25d01c648bcb41900fa7b5166f942,
    type: 3}
  m_PrefabInstance: {fileID: 5055959442194797081}
  m_PrefabAsset: {fileID: 0}
--- !u!114 &4041888107761718784 stripped
MonoBehaviour:
  m_CorrespondingSourceObject: {fileID: 9096650583775822873, guid: eeb25d01c648bcb41900fa7b5166f942,
    type: 3}
  m_PrefabInstance: {fileID: 5055959442194797081}
  m_PrefabAsset: {fileID: 0}
  m_GameObject: {fileID: 0}
  m_Enabled: 1
  m_EditorHideFlags: 0
  m_Script: {fileID: 11500000, guid: 366e5fcf4374db04ca4e6b17b07f10b7, type: 3}
  m_Name: 
  m_EditorClassIdentifier: 
--- !u!1001 &8312259085373943666
PrefabInstance:
  m_ObjectHideFlags: 0
  serializedVersion: 2
  m_Modification:
    m_TransformParent: {fileID: 2835976938945308367}
    m_Modifications:
    - target: {fileID: 1189638435302483016, guid: a24214dd88235b94b965fe986058e70d,
        type: 3}
      propertyPath: m_Name
      value: interactive_zone
      objectReference: {fileID: 0}
    - target: {fileID: 2292146169269878801, guid: a24214dd88235b94b965fe986058e70d,
        type: 3}
      propertyPath: m_Delegates.Array.size
      value: 2
      objectReference: {fileID: 0}
    - target: {fileID: 2292146169269878801, guid: a24214dd88235b94b965fe986058e70d,
        type: 3}
      propertyPath: m_Delegates.Array.data[0].callback.m_PersistentCalls.m_Calls.Array.size
      value: 1
      objectReference: {fileID: 0}
    - target: {fileID: 2292146169269878801, guid: a24214dd88235b94b965fe986058e70d,
        type: 3}
      propertyPath: m_Delegates.Array.data[1].callback.m_PersistentCalls.m_Calls.Array.size
      value: 1
      objectReference: {fileID: 0}
    - target: {fileID: 2292146169269878801, guid: a24214dd88235b94b965fe986058e70d,
        type: 3}
      propertyPath: m_Delegates.Array.data[1].eventID
      value: 1
      objectReference: {fileID: 0}
    - target: {fileID: 2292146169269878801, guid: a24214dd88235b94b965fe986058e70d,
        type: 3}
      propertyPath: m_Delegates.Array.data[0].callback.m_PersistentCalls.m_Calls.Array.data[0].m_Mode
      value: 1
      objectReference: {fileID: 0}
    - target: {fileID: 2292146169269878801, guid: a24214dd88235b94b965fe986058e70d,
        type: 3}
      propertyPath: m_Delegates.Array.data[0].callback.m_PersistentCalls.m_Calls.Array.data[0].m_CallState
      value: 2
      objectReference: {fileID: 0}
    - target: {fileID: 2292146169269878801, guid: a24214dd88235b94b965fe986058e70d,
        type: 3}
      propertyPath: m_Delegates.Array.data[1].callback.m_PersistentCalls.m_Calls.Array.data[0].m_Mode
      value: 1
      objectReference: {fileID: 0}
    - target: {fileID: 2292146169269878801, guid: a24214dd88235b94b965fe986058e70d,
        type: 3}
      propertyPath: m_Delegates.Array.data[1].callback.m_PersistentCalls.m_Calls.Array.data[0].m_CallState
      value: 2
      objectReference: {fileID: 0}
    - target: {fileID: 2292146169269878801, guid: a24214dd88235b94b965fe986058e70d,
        type: 3}
      propertyPath: m_Delegates.Array.data[0].callback.m_PersistentCalls.m_Calls.Array.data[0].m_Target
      value: 
      objectReference: {fileID: 5655711765418747948}
    - target: {fileID: 2292146169269878801, guid: a24214dd88235b94b965fe986058e70d,
        type: 3}
      propertyPath: m_Delegates.Array.data[1].callback.m_PersistentCalls.m_Calls.Array.data[0].m_Target
      value: 
      objectReference: {fileID: 5655711765418747948}
    - target: {fileID: 2292146169269878801, guid: a24214dd88235b94b965fe986058e70d,
        type: 3}
      propertyPath: m_Delegates.Array.data[0].callback.m_PersistentCalls.m_Calls.Array.data[0].m_MethodName
      value: HoverOn
      objectReference: {fileID: 0}
    - target: {fileID: 2292146169269878801, guid: a24214dd88235b94b965fe986058e70d,
        type: 3}
      propertyPath: m_Delegates.Array.data[0].callback.m_PersistentCalls.m_Calls.Array.data[0].m_Arguments.m_ObjectArgumentAssemblyTypeName
      value: UnityEngine.Object, UnityEngine
      objectReference: {fileID: 0}
    - target: {fileID: 2292146169269878801, guid: a24214dd88235b94b965fe986058e70d,
        type: 3}
      propertyPath: m_Delegates.Array.data[1].callback.m_PersistentCalls.m_Calls.Array.data[0].m_MethodName
      value: HoverOff
      objectReference: {fileID: 0}
    - target: {fileID: 2292146169269878801, guid: a24214dd88235b94b965fe986058e70d,
        type: 3}
      propertyPath: m_Delegates.Array.data[1].callback.m_PersistentCalls.m_Calls.Array.data[0].m_Arguments.m_ObjectArgumentAssemblyTypeName
      value: UnityEngine.Object, UnityEngine
      objectReference: {fileID: 0}
    - target: {fileID: 7241049320467676256, guid: a24214dd88235b94b965fe986058e70d,
        type: 3}
      propertyPath: m_LocalPosition.x
      value: 0
      objectReference: {fileID: 0}
    - target: {fileID: 7241049320467676256, guid: a24214dd88235b94b965fe986058e70d,
        type: 3}
      propertyPath: m_LocalPosition.y
      value: 0
      objectReference: {fileID: 0}
    - target: {fileID: 7241049320467676256, guid: a24214dd88235b94b965fe986058e70d,
        type: 3}
      propertyPath: m_LocalPosition.z
      value: 0
      objectReference: {fileID: 0}
    - target: {fileID: 7241049320467676256, guid: a24214dd88235b94b965fe986058e70d,
        type: 3}
      propertyPath: m_LocalRotation.x
      value: -0
      objectReference: {fileID: 0}
    - target: {fileID: 7241049320467676256, guid: a24214dd88235b94b965fe986058e70d,
        type: 3}
      propertyPath: m_LocalRotation.y
      value: -0
      objectReference: {fileID: 0}
    - target: {fileID: 7241049320467676256, guid: a24214dd88235b94b965fe986058e70d,
        type: 3}
      propertyPath: m_LocalRotation.z
      value: -0
      objectReference: {fileID: 0}
    - target: {fileID: 7241049320467676256, guid: a24214dd88235b94b965fe986058e70d,
        type: 3}
      propertyPath: m_LocalRotation.w
      value: 1
      objectReference: {fileID: 0}
    - target: {fileID: 7241049320467676256, guid: a24214dd88235b94b965fe986058e70d,
        type: 3}
      propertyPath: m_RootOrder
      value: 0
      objectReference: {fileID: 0}
    - target: {fileID: 7241049320467676256, guid: a24214dd88235b94b965fe986058e70d,
        type: 3}
      propertyPath: m_LocalEulerAnglesHint.x
      value: 0
      objectReference: {fileID: 0}
    - target: {fileID: 7241049320467676256, guid: a24214dd88235b94b965fe986058e70d,
        type: 3}
      propertyPath: m_LocalEulerAnglesHint.y
      value: 0
      objectReference: {fileID: 0}
    - target: {fileID: 7241049320467676256, guid: a24214dd88235b94b965fe986058e70d,
        type: 3}
      propertyPath: m_LocalEulerAnglesHint.z
      value: 0
      objectReference: {fileID: 0}
    - target: {fileID: 7241049320467676256, guid: a24214dd88235b94b965fe986058e70d,
        type: 3}
      propertyPath: m_AnchoredPosition.x
      value: 0
      objectReference: {fileID: 0}
    - target: {fileID: 7241049320467676256, guid: a24214dd88235b94b965fe986058e70d,
        type: 3}
      propertyPath: m_AnchoredPosition.y
      value: 0
      objectReference: {fileID: 0}
    - target: {fileID: 7241049320467676256, guid: a24214dd88235b94b965fe986058e70d,
        type: 3}
      propertyPath: m_SizeDelta.x
      value: 0
      objectReference: {fileID: 0}
    - target: {fileID: 7241049320467676256, guid: a24214dd88235b94b965fe986058e70d,
        type: 3}
      propertyPath: m_SizeDelta.y
      value: 0
      objectReference: {fileID: 0}
    - target: {fileID: 7241049320467676256, guid: a24214dd88235b94b965fe986058e70d,
        type: 3}
      propertyPath: m_AnchorMin.x
      value: 0
      objectReference: {fileID: 0}
    - target: {fileID: 7241049320467676256, guid: a24214dd88235b94b965fe986058e70d,
        type: 3}
      propertyPath: m_AnchorMin.y
      value: 0
      objectReference: {fileID: 0}
    - target: {fileID: 7241049320467676256, guid: a24214dd88235b94b965fe986058e70d,
        type: 3}
      propertyPath: m_AnchorMax.x
      value: 1
      objectReference: {fileID: 0}
    - target: {fileID: 7241049320467676256, guid: a24214dd88235b94b965fe986058e70d,
        type: 3}
      propertyPath: m_AnchorMax.y
      value: 1
      objectReference: {fileID: 0}
    - target: {fileID: 7241049320467676256, guid: a24214dd88235b94b965fe986058e70d,
        type: 3}
      propertyPath: m_Pivot.x
      value: 0.5
      objectReference: {fileID: 0}
    - target: {fileID: 7241049320467676256, guid: a24214dd88235b94b965fe986058e70d,
        type: 3}
      propertyPath: m_Pivot.y
      value: 0.5
      objectReference: {fileID: 0}
    m_RemovedComponents: []
  m_SourcePrefab: {fileID: 100100000, guid: a24214dd88235b94b965fe986058e70d, type: 3}
--- !u!1 &7194889921950190394 stripped
GameObject:
  m_CorrespondingSourceObject: {fileID: 1189638435302483016, guid: a24214dd88235b94b965fe986058e70d,
    type: 3}
  m_PrefabInstance: {fileID: 8312259085373943666}
  m_PrefabAsset: {fileID: 0}
--- !u!224 &1668104717574935314 stripped
RectTransform:
  m_CorrespondingSourceObject: {fileID: 7241049320467676256, guid: a24214dd88235b94b965fe986058e70d,
    type: 3}
  m_PrefabInstance: {fileID: 8312259085373943666}
  m_PrefabAsset: {fileID: 0}
