%YAML 1.1
%TAG !u! tag:unity3d.com,2011:
--- !u!1 &772113821072535850
GameObject:
  m_ObjectHideFlags: 0
  m_CorrespondingSourceObject: {fileID: 0}
  m_PrefabInstance: {fileID: 0}
  m_PrefabAsset: {fileID: 0}
  serializedVersion: 6
  m_Component:
  - component: {fileID: 4667219400056952945}
  - component: {fileID: 8005679151397696025}
  - component: {fileID: 772113821072535852}
  - component: {fileID: 772113821072535853}
  m_Layer: 0
  m_Name: BuffController
  m_TagString: Untagged
  m_Icon: {fileID: 0}
  m_NavMeshLayer: 0
  m_StaticEditorFlags: 0
  m_IsActive: 1
--- !u!4 &4667219400056952945
Transform:
  m_ObjectHideFlags: 0
  m_CorrespondingSourceObject: {fileID: 0}
  m_PrefabInstance: {fileID: 0}
  m_PrefabAsset: {fileID: 0}
  m_GameObject: {fileID: 772113821072535850}
  m_LocalRotation: {x: -0, y: -0, z: -0, w: 1}
  m_LocalPosition: {x: 0, y: 0, z: 0}
  m_LocalScale: {x: 1, y: 1, z: 1}
  m_Children: []
  m_Father: {fileID: 0}
  m_RootOrder: 0
  m_LocalEulerAnglesHint: {x: 0, y: 0, z: 0}
--- !u!114 &8005679151397696025
MonoBehaviour:
  m_ObjectHideFlags: 0
  m_CorrespondingSourceObject: {fileID: 0}
  m_PrefabInstance: {fileID: 0}
  m_PrefabAsset: {fileID: 0}
  m_GameObject: {fileID: 772113821072535850}
  m_Enabled: 1
  m_EditorHideFlags: 0
  m_Script: {fileID: 11500000, guid: 7bad59fc79caeb445baf17eb438acfaa, type: 3}
  m_Name: 
  m_EditorClassIdentifier: 
  buffDict: {fileID: 11400000, guid: f5238b3e07b713045b74a88c9d1fc5b8, type: 2}
  buffList: {fileID: 11400000, guid: a24522012fba6cd4aa738d876a976fe5, type: 2}
  parkViewer: {fileID: 772113821072535852}
--- !u!114 &772113821072535852
MonoBehaviour:
  m_ObjectHideFlags: 0
  m_CorrespondingSourceObject: {fileID: 0}
  m_PrefabInstance: {fileID: 0}
  m_PrefabAsset: {fileID: 0}
  m_GameObject: {fileID: 772113821072535850}
  m_Enabled: 1
  m_EditorHideFlags: 0
  m_Script: {fileID: 11500000, guid: 211b940d6e2a6974a9ae800e6a1973d6, type: 3}
  m_Name: 
  m_EditorClassIdentifier: 
  displayList: {fileID: 11400000, guid: 299e0dd805363034aa4895db90cbfd39, type: 2}
  currentBuffs: {fileID: 11400000, guid: a24522012fba6cd4aa738d876a976fe5, type: 2}
  eligibleBuffUIDs:
  - buff_action_stamina_add
  - buff_action_progress_add
  - buff_action_progress_multi
  - buff_park_danger_base_add
  - buff_park_danger_base_multi
  - buff_park_danger_base_override
  - buff_park_collectible_base_add
  - buff_park_collectible_base_multi
  - buff_park_collectible_base_override
  - buff_node_collectible_tier_add
  - buff_path_progress_req_add
  - buff_path_progress_req_multi
  - buff_action_draw_add
  - buff_action_draw_override
  - buff_max_stamina_add
  - buff_max_stamina_multi
  - buff_max_stamina_override
  ParkBuffChanged: {fileID: 11400000, guid: 84bee91cba7b2564fba039be7e80fad9, type: 2}
--- !u!114 &772113821072535853
MonoBehaviour:
  m_ObjectHideFlags: 0
  m_CorrespondingSourceObject: {fileID: 0}
  m_PrefabInstance: {fileID: 0}
  m_PrefabAsset: {fileID: 0}
  m_GameObject: {fileID: 772113821072535850}
  m_Enabled: 1
  m_EditorHideFlags: 0
  m_Script: {fileID: 11500000, guid: 3f2740e98c7466c429f799e3d7f76839, type: 3}
  m_Name: 
  m_EditorClassIdentifier: 
  Events:
  - Event: {fileID: 11400000, guid: fb7172d0adfebdd40b54b7ed803c3c91, type: 2}
    Response:
      m_PersistentCalls:
        m_Calls:
        - m_Target: {fileID: 8005679151397696025}
          m_MethodName: BuffInit
          m_Mode: 1
          m_Arguments:
            m_ObjectArgument: {fileID: 0}
            m_ObjectArgumentAssemblyTypeName: UnityEngine.Object, UnityEngine
            m_IntArgument: 0
            m_FloatArgument: 0
            m_StringArgument: 
            m_BoolArgument: 0
          m_CallState: 2
