%YAML 1.1
%TAG !u! tag:unity3d.com,2011:
--- !u!1 &1412486229864079328
GameObject:
  m_ObjectHideFlags: 0
  m_CorrespondingSourceObject: {fileID: 0}
  m_PrefabInstance: {fileID: 0}
  m_PrefabAsset: {fileID: 0}
  serializedVersion: 6
  m_Component:
  - component: {fileID: 4115581120368332597}
  - component: {fileID: 2954068551894912801}
  m_Layer: 5
  m_Name: popupTemplate
  m_TagString: Untagged
  m_Icon: {fileID: 0}
  m_NavMeshLayer: 0
  m_StaticEditorFlags: 0
  m_IsActive: 0
--- !u!224 &4115581120368332597
RectTransform:
  m_ObjectHideFlags: 0
  m_CorrespondingSourceObject: {fileID: 0}
  m_PrefabInstance: {fileID: 0}
  m_PrefabAsset: {fileID: 0}
  m_GameObject: {fileID: 1412486229864079328}
  m_LocalRotation: {x: -0, y: -0, z: -0, w: 1}
  m_LocalPosition: {x: 0, y: 0, z: 0}
  m_LocalScale: {x: 1, y: 1, z: 1}
  m_Children:
  - {fileID: 2729609244408735406}
  - {fileID: 2495810517608971092}
  - {fileID: 8366734649319270118}
  m_Father: {fileID: 5311711132305280656}
  m_RootOrder: 0
  m_LocalEulerAnglesHint: {x: 0, y: 0, z: 0}
  m_AnchorMin: {x: 0.5, y: 0.5}
  m_AnchorMax: {x: 0.5, y: 0.5}
  m_AnchoredPosition: {x: 0, y: 0}
  m_SizeDelta: {x: 525, y: 300}
  m_Pivot: {x: 0.5, y: 0.5}
--- !u!114 &2954068551894912801
MonoBehaviour:
  m_ObjectHideFlags: 0
  m_CorrespondingSourceObject: {fileID: 0}
  m_PrefabInstance: {fileID: 0}
  m_PrefabAsset: {fileID: 0}
  m_GameObject: {fileID: 1412486229864079328}
  m_Enabled: 1
  m_EditorHideFlags: 0
  m_Script: {fileID: 11500000, guid: 832237050a715d943a1bca8aabd58fa3, type: 3}
  m_Name: 
  m_EditorClassIdentifier: 
  token: {fileID: 4476781936550570929}
  desc: {fileID: 6746828925483071948}
--- !u!1 &5381371620378072170
GameObject:
  m_ObjectHideFlags: 0
  m_CorrespondingSourceObject: {fileID: 0}
  m_PrefabInstance: {fileID: 0}
  m_PrefabAsset: {fileID: 0}
  serializedVersion: 6
  m_Component:
  - component: {fileID: 5311711132305280656}
  - component: {fileID: 7356203120081301385}
  - component: {fileID: 9020445114181691096}
  m_Layer: 5
  m_Name: AcquistionPopup
  m_TagString: Untagged
  m_Icon: {fileID: 0}
  m_NavMeshLayer: 0
  m_StaticEditorFlags: 0
  m_IsActive: 1
--- !u!224 &5311711132305280656
RectTransform:
  m_ObjectHideFlags: 0
  m_CorrespondingSourceObject: {fileID: 0}
  m_PrefabInstance: {fileID: 0}
  m_PrefabAsset: {fileID: 0}
  m_GameObject: {fileID: 5381371620378072170}
  m_LocalRotation: {x: -0, y: -0, z: -0, w: 1}
  m_LocalPosition: {x: 0, y: 0, z: 0}
  m_LocalScale: {x: 1, y: 1, z: 1}
  m_Children:
  - {fileID: 4115581120368332597}
  - {fileID: 3716489178073467883}
  m_Father: {fileID: 0}
  m_RootOrder: 0
  m_LocalEulerAnglesHint: {x: 0, y: 0, z: 0}
  m_AnchorMin: {x: 1, y: 0.8}
  m_AnchorMax: {x: 1, y: 0.8}
  m_AnchoredPosition: {x: 0, y: -50}
  m_SizeDelta: {x: 525, y: 300}
  m_Pivot: {x: 0, y: 0.5}
--- !u!114 &7356203120081301385
MonoBehaviour:
  m_ObjectHideFlags: 0
  m_CorrespondingSourceObject: {fileID: 0}
  m_PrefabInstance: {fileID: 0}
  m_PrefabAsset: {fileID: 0}
  m_GameObject: {fileID: 5381371620378072170}
  m_Enabled: 1
  m_EditorHideFlags: 0
  m_Script: {fileID: 11500000, guid: b48d58b5fe1ebdb408b90cd4a5121d57, type: 3}
  m_Name: 
  m_EditorClassIdentifier: 
  data: {fileID: 11400000, guid: 93494cd9a9a68524e8b46af0d3fdbc17, type: 2}
  template: {fileID: 2954068551894912801}
  popupContainer: {fileID: 6047142866050419836}
--- !u!114 &9020445114181691096
MonoBehaviour:
  m_ObjectHideFlags: 0
  m_CorrespondingSourceObject: {fileID: 0}
  m_PrefabInstance: {fileID: 0}
  m_PrefabAsset: {fileID: 0}
  m_GameObject: {fileID: 5381371620378072170}
  m_Enabled: 1
  m_EditorHideFlags: 0
  m_Script: {fileID: 11500000, guid: 3f2740e98c7466c429f799e3d7f76839, type: 3}
  m_Name: 
  m_EditorClassIdentifier: 
  Events:
  - Event: {fileID: 11400000, guid: cfaf84cb3e5fa21419546feb9bf81882, type: 2}
    Response:
      m_PersistentCalls:
        m_Calls:
        - m_Target: {fileID: 7356203120081301385}
          m_MethodName: PopupInit
          m_Mode: 1
          m_Arguments:
            m_ObjectArgument: {fileID: 0}
            m_ObjectArgumentAssemblyTypeName: UnityEngine.Object, UnityEngine
            m_IntArgument: 0
            m_FloatArgument: 0
            m_StringArgument: 
            m_BoolArgument: 0
          m_CallState: 2
--- !u!1 &6047142866050419836
GameObject:
  m_ObjectHideFlags: 0
  m_CorrespondingSourceObject: {fileID: 0}
  m_PrefabInstance: {fileID: 0}
  m_PrefabAsset: {fileID: 0}
  serializedVersion: 6
  m_Component:
  - component: {fileID: 3716489178073467883}
  m_Layer: 5
  m_Name: popup_container
  m_TagString: Untagged
  m_Icon: {fileID: 0}
  m_NavMeshLayer: 0
  m_StaticEditorFlags: 0
  m_IsActive: 1
--- !u!224 &3716489178073467883
RectTransform:
  m_ObjectHideFlags: 0
  m_CorrespondingSourceObject: {fileID: 0}
  m_PrefabInstance: {fileID: 0}
  m_PrefabAsset: {fileID: 0}
  m_GameObject: {fileID: 6047142866050419836}
  m_LocalRotation: {x: 0, y: 0, z: 0, w: 1}
  m_LocalPosition: {x: 0, y: 0, z: 0}
  m_LocalScale: {x: 1, y: 1, z: 1}
  m_Children: []
  m_Father: {fileID: 5311711132305280656}
  m_RootOrder: 1
  m_LocalEulerAnglesHint: {x: 0, y: 0, z: 0}
  m_AnchorMin: {x: 0.5, y: 0.5}
  m_AnchorMax: {x: 0.5, y: 0.5}
  m_AnchoredPosition: {x: 0, y: 0}
  m_SizeDelta: {x: 525, y: 300}
  m_Pivot: {x: 0.5, y: 0.5}
--- !u!1001 &2223571463400306992
PrefabInstance:
  m_ObjectHideFlags: 0
  serializedVersion: 2
  m_Modification:
    m_TransformParent: {fileID: 4115581120368332597}
    m_Modifications:
    - target: {fileID: 4267780025311387550, guid: 56eb7492d5b101a49a2829684324bbc3,
        type: 3}
      propertyPath: m_LocalPosition.x
      value: 0
      objectReference: {fileID: 0}
    - target: {fileID: 4267780025311387550, guid: 56eb7492d5b101a49a2829684324bbc3,
        type: 3}
      propertyPath: m_LocalPosition.y
      value: 0
      objectReference: {fileID: 0}
    - target: {fileID: 4267780025311387550, guid: 56eb7492d5b101a49a2829684324bbc3,
        type: 3}
      propertyPath: m_LocalPosition.z
      value: 0
      objectReference: {fileID: 0}
    - target: {fileID: 4267780025311387550, guid: 56eb7492d5b101a49a2829684324bbc3,
        type: 3}
      propertyPath: m_LocalRotation.x
      value: -0
      objectReference: {fileID: 0}
    - target: {fileID: 4267780025311387550, guid: 56eb7492d5b101a49a2829684324bbc3,
        type: 3}
      propertyPath: m_LocalRotation.y
      value: -0
      objectReference: {fileID: 0}
    - target: {fileID: 4267780025311387550, guid: 56eb7492d5b101a49a2829684324bbc3,
        type: 3}
      propertyPath: m_LocalRotation.z
      value: -0
      objectReference: {fileID: 0}
    - target: {fileID: 4267780025311387550, guid: 56eb7492d5b101a49a2829684324bbc3,
        type: 3}
      propertyPath: m_LocalRotation.w
      value: 1
      objectReference: {fileID: 0}
    - target: {fileID: 4267780025311387550, guid: 56eb7492d5b101a49a2829684324bbc3,
        type: 3}
      propertyPath: m_RootOrder
      value: 0
      objectReference: {fileID: 0}
    - target: {fileID: 4267780025311387550, guid: 56eb7492d5b101a49a2829684324bbc3,
        type: 3}
      propertyPath: m_LocalEulerAnglesHint.x
      value: 0
      objectReference: {fileID: 0}
    - target: {fileID: 4267780025311387550, guid: 56eb7492d5b101a49a2829684324bbc3,
        type: 3}
      propertyPath: m_LocalEulerAnglesHint.y
      value: 0
      objectReference: {fileID: 0}
    - target: {fileID: 4267780025311387550, guid: 56eb7492d5b101a49a2829684324bbc3,
        type: 3}
      propertyPath: m_LocalEulerAnglesHint.z
      value: 0
      objectReference: {fileID: 0}
    - target: {fileID: 4267780025311387550, guid: 56eb7492d5b101a49a2829684324bbc3,
        type: 3}
      propertyPath: m_AnchoredPosition.x
      value: 0
      objectReference: {fileID: 0}
    - target: {fileID: 4267780025311387550, guid: 56eb7492d5b101a49a2829684324bbc3,
        type: 3}
      propertyPath: m_AnchoredPosition.y
      value: 0
      objectReference: {fileID: 0}
    - target: {fileID: 4267780025311387550, guid: 56eb7492d5b101a49a2829684324bbc3,
        type: 3}
      propertyPath: m_SizeDelta.x
      value: 525
      objectReference: {fileID: 0}
    - target: {fileID: 4267780025311387550, guid: 56eb7492d5b101a49a2829684324bbc3,
        type: 3}
      propertyPath: m_SizeDelta.y
      value: 300
      objectReference: {fileID: 0}
    - target: {fileID: 4267780025311387550, guid: 56eb7492d5b101a49a2829684324bbc3,
        type: 3}
      propertyPath: m_AnchorMin.x
      value: 0.5
      objectReference: {fileID: 0}
    - target: {fileID: 4267780025311387550, guid: 56eb7492d5b101a49a2829684324bbc3,
        type: 3}
      propertyPath: m_AnchorMin.y
      value: 0.5
      objectReference: {fileID: 0}
    - target: {fileID: 4267780025311387550, guid: 56eb7492d5b101a49a2829684324bbc3,
        type: 3}
      propertyPath: m_AnchorMax.x
      value: 0.5
      objectReference: {fileID: 0}
    - target: {fileID: 4267780025311387550, guid: 56eb7492d5b101a49a2829684324bbc3,
        type: 3}
      propertyPath: m_AnchorMax.y
      value: 0.5
      objectReference: {fileID: 0}
    - target: {fileID: 4267780025311387550, guid: 56eb7492d5b101a49a2829684324bbc3,
        type: 3}
      propertyPath: m_Pivot.x
      value: 0.5
      objectReference: {fileID: 0}
    - target: {fileID: 4267780025311387550, guid: 56eb7492d5b101a49a2829684324bbc3,
        type: 3}
      propertyPath: m_Pivot.y
      value: 0.5
      objectReference: {fileID: 0}
    - target: {fileID: 8971381253916460682, guid: 56eb7492d5b101a49a2829684324bbc3,
        type: 3}
      propertyPath: m_Name
      value: container_s_hor
      objectReference: {fileID: 0}
    m_RemovedComponents: []
  m_SourcePrefab: {fileID: 100100000, guid: 56eb7492d5b101a49a2829684324bbc3, type: 3}
--- !u!224 &2729609244408735406 stripped
RectTransform:
  m_CorrespondingSourceObject: {fileID: 4267780025311387550, guid: 56eb7492d5b101a49a2829684324bbc3,
    type: 3}
  m_PrefabInstance: {fileID: 2223571463400306992}
  m_PrefabAsset: {fileID: 0}
--- !u!1001 &2566003591511899605
PrefabInstance:
  m_ObjectHideFlags: 0
  serializedVersion: 2
  m_Modification:
    m_TransformParent: {fileID: 4115581120368332597}
    m_Modifications:
    - target: {fileID: 6305279715080002352, guid: eeb25d01c648bcb41900fa7b5166f942,
        type: 3}
      propertyPath: m_text
      value: "\u83B7\u5F97\u4E86{0}\u7684{1}<br>\u8DDD\u4E0B\u4E00\u4FE1\u7269\u7B49\u7EA7{2}/{3}"
      objectReference: {fileID: 0}
    - target: {fileID: 6305279715080002352, guid: eeb25d01c648bcb41900fa7b5166f942,
        type: 3}
      propertyPath: m_fontSizeBase
      value: 36
      objectReference: {fileID: 0}
    - target: {fileID: 6305279715080002352, guid: eeb25d01c648bcb41900fa7b5166f942,
        type: 3}
      propertyPath: m_enableWordWrapping
      value: 1
      objectReference: {fileID: 0}
    - target: {fileID: 6305279715080002352, guid: eeb25d01c648bcb41900fa7b5166f942,
        type: 3}
      propertyPath: m_fontSize
      value: 36
      objectReference: {fileID: 0}
    - target: {fileID: 6305279715080002354, guid: eeb25d01c648bcb41900fa7b5166f942,
        type: 3}
      propertyPath: m_Name
      value: desc_l
      objectReference: {fileID: 0}
    - target: {fileID: 6305279715080002355, guid: eeb25d01c648bcb41900fa7b5166f942,
        type: 3}
      propertyPath: m_LocalPosition.x
      value: 0
      objectReference: {fileID: 0}
    - target: {fileID: 6305279715080002355, guid: eeb25d01c648bcb41900fa7b5166f942,
        type: 3}
      propertyPath: m_LocalPosition.y
      value: 0
      objectReference: {fileID: 0}
    - target: {fileID: 6305279715080002355, guid: eeb25d01c648bcb41900fa7b5166f942,
        type: 3}
      propertyPath: m_LocalPosition.z
      value: 0
      objectReference: {fileID: 0}
    - target: {fileID: 6305279715080002355, guid: eeb25d01c648bcb41900fa7b5166f942,
        type: 3}
      propertyPath: m_LocalRotation.x
      value: 0
      objectReference: {fileID: 0}
    - target: {fileID: 6305279715080002355, guid: eeb25d01c648bcb41900fa7b5166f942,
        type: 3}
      propertyPath: m_LocalRotation.y
      value: 0
      objectReference: {fileID: 0}
    - target: {fileID: 6305279715080002355, guid: eeb25d01c648bcb41900fa7b5166f942,
        type: 3}
      propertyPath: m_LocalRotation.z
      value: 0
      objectReference: {fileID: 0}
    - target: {fileID: 6305279715080002355, guid: eeb25d01c648bcb41900fa7b5166f942,
        type: 3}
      propertyPath: m_LocalRotation.w
      value: 1
      objectReference: {fileID: 0}
    - target: {fileID: 6305279715080002355, guid: eeb25d01c648bcb41900fa7b5166f942,
        type: 3}
      propertyPath: m_RootOrder
      value: 2
      objectReference: {fileID: 0}
    - target: {fileID: 6305279715080002355, guid: eeb25d01c648bcb41900fa7b5166f942,
        type: 3}
      propertyPath: m_LocalEulerAnglesHint.x
      value: 0
      objectReference: {fileID: 0}
    - target: {fileID: 6305279715080002355, guid: eeb25d01c648bcb41900fa7b5166f942,
        type: 3}
      propertyPath: m_LocalEulerAnglesHint.y
      value: 0
      objectReference: {fileID: 0}
    - target: {fileID: 6305279715080002355, guid: eeb25d01c648bcb41900fa7b5166f942,
        type: 3}
      propertyPath: m_LocalEulerAnglesHint.z
      value: 0
      objectReference: {fileID: 0}
    - target: {fileID: 6305279715080002355, guid: eeb25d01c648bcb41900fa7b5166f942,
        type: 3}
      propertyPath: m_AnchoredPosition.x
      value: 45
      objectReference: {fileID: 0}
    - target: {fileID: 6305279715080002355, guid: eeb25d01c648bcb41900fa7b5166f942,
        type: 3}
      propertyPath: m_AnchoredPosition.y
      value: 0
      objectReference: {fileID: 0}
    - target: {fileID: 6305279715080002355, guid: eeb25d01c648bcb41900fa7b5166f942,
        type: 3}
      propertyPath: m_SizeDelta.x
      value: 380
      objectReference: {fileID: 0}
    - target: {fileID: 6305279715080002355, guid: eeb25d01c648bcb41900fa7b5166f942,
        type: 3}
      propertyPath: m_SizeDelta.y
      value: 120
      objectReference: {fileID: 0}
    - target: {fileID: 6305279715080002355, guid: eeb25d01c648bcb41900fa7b5166f942,
        type: 3}
      propertyPath: m_AnchorMin.x
      value: 0.5
      objectReference: {fileID: 0}
    - target: {fileID: 6305279715080002355, guid: eeb25d01c648bcb41900fa7b5166f942,
        type: 3}
      propertyPath: m_AnchorMin.y
      value: 0.5
      objectReference: {fileID: 0}
    - target: {fileID: 6305279715080002355, guid: eeb25d01c648bcb41900fa7b5166f942,
        type: 3}
      propertyPath: m_AnchorMax.x
      value: 0.5
      objectReference: {fileID: 0}
    - target: {fileID: 6305279715080002355, guid: eeb25d01c648bcb41900fa7b5166f942,
        type: 3}
      propertyPath: m_AnchorMax.y
      value: 0.5
      objectReference: {fileID: 0}
    - target: {fileID: 6305279715080002355, guid: eeb25d01c648bcb41900fa7b5166f942,
        type: 3}
      propertyPath: m_Pivot.x
      value: 0.5
      objectReference: {fileID: 0}
    - target: {fileID: 6305279715080002355, guid: eeb25d01c648bcb41900fa7b5166f942,
        type: 3}
      propertyPath: m_Pivot.y
      value: 0.5
      objectReference: {fileID: 0}
    m_RemovedComponents: []
  m_SourcePrefab: {fileID: 100100000, guid: eeb25d01c648bcb41900fa7b5166f942, type: 3}
--- !u!224 &8366734649319270118 stripped
RectTransform:
  m_CorrespondingSourceObject: {fileID: 6305279715080002355, guid: eeb25d01c648bcb41900fa7b5166f942,
    type: 3}
  m_PrefabInstance: {fileID: 2566003591511899605}
  m_PrefabAsset: {fileID: 0}
--- !u!114 &6746828925483071948 stripped
MonoBehaviour:
  m_CorrespondingSourceObject: {fileID: 9096650583775822873, guid: eeb25d01c648bcb41900fa7b5166f942,
    type: 3}
  m_PrefabInstance: {fileID: 2566003591511899605}
  m_PrefabAsset: {fileID: 0}
  m_GameObject: {fileID: 0}
  m_Enabled: 1
  m_EditorHideFlags: 0
  m_Script: {fileID: 11500000, guid: 366e5fcf4374db04ca4e6b17b07f10b7, type: 3}
  m_Name: 
  m_EditorClassIdentifier: 
--- !u!1001 &2657011534905853112
PrefabInstance:
  m_ObjectHideFlags: 0
  serializedVersion: 2
  m_Modification:
    m_TransformParent: {fileID: 4115581120368332597}
    m_Modifications:
    - target: {fileID: 467670229794291692, guid: 1dc23ddd37d3fe342a6605b0475749fc,
        type: 3}
      propertyPath: m_LocalPosition.x
      value: 0
      objectReference: {fileID: 0}
    - target: {fileID: 467670229794291692, guid: 1dc23ddd37d3fe342a6605b0475749fc,
        type: 3}
      propertyPath: m_LocalPosition.y
      value: 0
      objectReference: {fileID: 0}
    - target: {fileID: 467670229794291692, guid: 1dc23ddd37d3fe342a6605b0475749fc,
        type: 3}
      propertyPath: m_LocalPosition.z
      value: 0
      objectReference: {fileID: 0}
    - target: {fileID: 467670229794291692, guid: 1dc23ddd37d3fe342a6605b0475749fc,
        type: 3}
      propertyPath: m_LocalRotation.x
      value: 0
      objectReference: {fileID: 0}
    - target: {fileID: 467670229794291692, guid: 1dc23ddd37d3fe342a6605b0475749fc,
        type: 3}
      propertyPath: m_LocalRotation.y
      value: 0
      objectReference: {fileID: 0}
    - target: {fileID: 467670229794291692, guid: 1dc23ddd37d3fe342a6605b0475749fc,
        type: 3}
      propertyPath: m_LocalRotation.z
      value: 0
      objectReference: {fileID: 0}
    - target: {fileID: 467670229794291692, guid: 1dc23ddd37d3fe342a6605b0475749fc,
        type: 3}
      propertyPath: m_LocalRotation.w
      value: 1
      objectReference: {fileID: 0}
    - target: {fileID: 467670229794291692, guid: 1dc23ddd37d3fe342a6605b0475749fc,
        type: 3}
      propertyPath: m_RootOrder
      value: 1
      objectReference: {fileID: 0}
    - target: {fileID: 467670229794291692, guid: 1dc23ddd37d3fe342a6605b0475749fc,
        type: 3}
      propertyPath: m_LocalEulerAnglesHint.x
      value: 0
      objectReference: {fileID: 0}
    - target: {fileID: 467670229794291692, guid: 1dc23ddd37d3fe342a6605b0475749fc,
        type: 3}
      propertyPath: m_LocalEulerAnglesHint.y
      value: 0
      objectReference: {fileID: 0}
    - target: {fileID: 467670229794291692, guid: 1dc23ddd37d3fe342a6605b0475749fc,
        type: 3}
      propertyPath: m_LocalEulerAnglesHint.z
      value: 0
      objectReference: {fileID: 0}
    - target: {fileID: 467670229794291692, guid: 1dc23ddd37d3fe342a6605b0475749fc,
        type: 3}
      propertyPath: m_AnchoredPosition.x
      value: -195
      objectReference: {fileID: 0}
    - target: {fileID: 467670229794291692, guid: 1dc23ddd37d3fe342a6605b0475749fc,
        type: 3}
      propertyPath: m_AnchoredPosition.y
      value: 0
      objectReference: {fileID: 0}
    - target: {fileID: 467670229794291692, guid: 1dc23ddd37d3fe342a6605b0475749fc,
        type: 3}
      propertyPath: m_SizeDelta.x
      value: 100
      objectReference: {fileID: 0}
    - target: {fileID: 467670229794291692, guid: 1dc23ddd37d3fe342a6605b0475749fc,
        type: 3}
      propertyPath: m_SizeDelta.y
      value: 100
      objectReference: {fileID: 0}
    - target: {fileID: 467670229794291692, guid: 1dc23ddd37d3fe342a6605b0475749fc,
        type: 3}
      propertyPath: m_AnchorMin.x
      value: 0.5
      objectReference: {fileID: 0}
    - target: {fileID: 467670229794291692, guid: 1dc23ddd37d3fe342a6605b0475749fc,
        type: 3}
      propertyPath: m_AnchorMin.y
      value: 0.5
      objectReference: {fileID: 0}
    - target: {fileID: 467670229794291692, guid: 1dc23ddd37d3fe342a6605b0475749fc,
        type: 3}
      propertyPath: m_AnchorMax.x
      value: 0.5
      objectReference: {fileID: 0}
    - target: {fileID: 467670229794291692, guid: 1dc23ddd37d3fe342a6605b0475749fc,
        type: 3}
      propertyPath: m_AnchorMax.y
      value: 0.5
      objectReference: {fileID: 0}
    - target: {fileID: 467670229794291692, guid: 1dc23ddd37d3fe342a6605b0475749fc,
        type: 3}
      propertyPath: m_Pivot.x
      value: 0.5
      objectReference: {fileID: 0}
    - target: {fileID: 467670229794291692, guid: 1dc23ddd37d3fe342a6605b0475749fc,
        type: 3}
      propertyPath: m_Pivot.y
      value: 0.5
      objectReference: {fileID: 0}
    - target: {fileID: 692933961748885836, guid: 1dc23ddd37d3fe342a6605b0475749fc,
        type: 3}
      propertyPath: m_IsActive
      value: 0
      objectReference: {fileID: 0}
    - target: {fileID: 1164791547728875604, guid: 1dc23ddd37d3fe342a6605b0475749fc,
        type: 3}
      propertyPath: m_Name
      value: icon_l
      objectReference: {fileID: 0}
    - target: {fileID: 5395837422720612757, guid: 1dc23ddd37d3fe342a6605b0475749fc,
        type: 3}
      propertyPath: m_Sprite
      value: 
      objectReference: {fileID: 5112644451665845512, guid: a89411effdb2b264eb07328c0cfae008,
        type: 3}
    m_RemovedComponents: []
  m_SourcePrefab: {fileID: 100100000, guid: 1dc23ddd37d3fe342a6605b0475749fc, type: 3}
--- !u!224 &2495810517608971092 stripped
RectTransform:
  m_CorrespondingSourceObject: {fileID: 467670229794291692, guid: 1dc23ddd37d3fe342a6605b0475749fc,
    type: 3}
  m_PrefabInstance: {fileID: 2657011534905853112}
  m_PrefabAsset: {fileID: 0}
--- !u!114 &4476781936550570929 stripped
MonoBehaviour:
  m_CorrespondingSourceObject: {fileID: 1945309410227564297, guid: 1dc23ddd37d3fe342a6605b0475749fc,
    type: 3}
  m_PrefabInstance: {fileID: 2657011534905853112}
  m_PrefabAsset: {fileID: 0}
  m_GameObject: {fileID: 0}
  m_Enabled: 1
  m_EditorHideFlags: 0
  m_Script: {fileID: 11500000, guid: 26e90f77ee710af4583d4be5b89020a2, type: 3}
  m_Name: 
  m_EditorClassIdentifier: 
