%YAML 1.1
%TAG !u! tag:unity3d.com,2011:
--- !u!1 &4876645591882304149
GameObject:
  m_ObjectHideFlags: 0
  m_CorrespondingSourceObject: {fileID: 0}
  m_PrefabInstance: {fileID: 0}
  m_PrefabAsset: {fileID: 0}
  serializedVersion: 6
  m_Component:
  - component: {fileID: 5203973632456469791}
  - component: {fileID: 5977169749214994631}
  m_Layer: 5
  m_Name: statistics_group
  m_TagString: Untagged
  m_Icon: {fileID: 0}
  m_NavMeshLayer: 0
  m_StaticEditorFlags: 0
  m_IsActive: 1
--- !u!224 &5203973632456469791
RectTransform:
  m_ObjectHideFlags: 0
  m_CorrespondingSourceObject: {fileID: 0}
  m_PrefabInstance: {fileID: 0}
  m_PrefabAsset: {fileID: 0}
  m_GameObject: {fileID: 4876645591882304149}
  m_LocalRotation: {x: 0, y: 0, z: 0, w: 1}
  m_LocalPosition: {x: 0, y: 0, z: 0}
  m_LocalScale: {x: 1, y: 1, z: 1}
  m_Children:
  - {fileID: 4712443083667793922}
  - {fileID: 8497988654686896540}
  - {fileID: 349468765027075946}
  - {fileID: 7152499470465330407}
  m_Father: {fileID: 0}
  m_RootOrder: 0
  m_LocalEulerAnglesHint: {x: 0, y: 0, z: 0}
  m_AnchorMin: {x: 0.5, y: 0.5}
  m_AnchorMax: {x: 0.5, y: 0.5}
  m_AnchoredPosition: {x: 0, y: 0}
  m_SizeDelta: {x: 350, y: 480}
  m_Pivot: {x: 0.5, y: 0.5}
--- !u!114 &5977169749214994631
MonoBehaviour:
  m_ObjectHideFlags: 0
  m_CorrespondingSourceObject: {fileID: 0}
  m_PrefabInstance: {fileID: 0}
  m_PrefabAsset: {fileID: 0}
  m_GameObject: {fileID: 4876645591882304149}
  m_Enabled: 1
  m_EditorHideFlags: 0
  m_Script: {fileID: 11500000, guid: 59f8146938fff824cb5fd77236b75775, type: 3}
  m_Name: 
  m_EditorClassIdentifier: 
  m_Padding:
    m_Left: 0
    m_Right: 0
    m_Top: 0
    m_Bottom: 0
  m_ChildAlignment: 0
  m_Spacing: 0
  m_ChildForceExpandWidth: 1
  m_ChildForceExpandHeight: 1
  m_ChildControlWidth: 1
  m_ChildControlHeight: 0
  m_ChildScaleWidth: 0
  m_ChildScaleHeight: 0
--- !u!1001 &1611238438908357917
PrefabInstance:
  m_ObjectHideFlags: 0
  serializedVersion: 2
  m_Modification:
    m_TransformParent: {fileID: 5203973632456469791}
    m_Modifications:
    - target: {fileID: 729991790621310313, guid: efdf4a95a91c222418e343827e9c1626,
        type: 3}
      propertyPath: m_AnchorMin.y
      value: 0
      objectReference: {fileID: 0}
    - target: {fileID: 729991790621310313, guid: efdf4a95a91c222418e343827e9c1626,
        type: 3}
      propertyPath: m_AnchorMax.y
      value: 0
      objectReference: {fileID: 0}
    - target: {fileID: 729991790621310313, guid: efdf4a95a91c222418e343827e9c1626,
        type: 3}
      propertyPath: m_AnchoredPosition.y
      value: 0
      objectReference: {fileID: 0}
    - target: {fileID: 729991790621310313, guid: efdf4a95a91c222418e343827e9c1626,
        type: 3}
      propertyPath: m_SizeDelta.x
      value: 0
      objectReference: {fileID: 0}
    - target: {fileID: 729991790621310313, guid: efdf4a95a91c222418e343827e9c1626,
        type: 3}
      propertyPath: m_SizeDelta.y
      value: 0
      objectReference: {fileID: 0}
    - target: {fileID: 1281404233385232505, guid: efdf4a95a91c222418e343827e9c1626,
        type: 3}
      propertyPath: m_Enabled
      value: 0
      objectReference: {fileID: 0}
    - target: {fileID: 1334696270263937655, guid: efdf4a95a91c222418e343827e9c1626,
        type: 3}
      propertyPath: m_LocalPosition.x
      value: 0
      objectReference: {fileID: 0}
    - target: {fileID: 1334696270263937655, guid: efdf4a95a91c222418e343827e9c1626,
        type: 3}
      propertyPath: m_LocalPosition.y
      value: 0
      objectReference: {fileID: 0}
    - target: {fileID: 1334696270263937655, guid: efdf4a95a91c222418e343827e9c1626,
        type: 3}
      propertyPath: m_LocalPosition.z
      value: 0
      objectReference: {fileID: 0}
    - target: {fileID: 1334696270263937655, guid: efdf4a95a91c222418e343827e9c1626,
        type: 3}
      propertyPath: m_LocalRotation.x
      value: 0
      objectReference: {fileID: 0}
    - target: {fileID: 1334696270263937655, guid: efdf4a95a91c222418e343827e9c1626,
        type: 3}
      propertyPath: m_LocalRotation.y
      value: 0
      objectReference: {fileID: 0}
    - target: {fileID: 1334696270263937655, guid: efdf4a95a91c222418e343827e9c1626,
        type: 3}
      propertyPath: m_LocalRotation.z
      value: 0
      objectReference: {fileID: 0}
    - target: {fileID: 1334696270263937655, guid: efdf4a95a91c222418e343827e9c1626,
        type: 3}
      propertyPath: m_LocalRotation.w
      value: 1
      objectReference: {fileID: 0}
    - target: {fileID: 1334696270263937655, guid: efdf4a95a91c222418e343827e9c1626,
        type: 3}
      propertyPath: m_RootOrder
      value: 2
      objectReference: {fileID: 0}
    - target: {fileID: 1334696270263937655, guid: efdf4a95a91c222418e343827e9c1626,
        type: 3}
      propertyPath: m_LocalEulerAnglesHint.x
      value: 0
      objectReference: {fileID: 0}
    - target: {fileID: 1334696270263937655, guid: efdf4a95a91c222418e343827e9c1626,
        type: 3}
      propertyPath: m_LocalEulerAnglesHint.y
      value: 0
      objectReference: {fileID: 0}
    - target: {fileID: 1334696270263937655, guid: efdf4a95a91c222418e343827e9c1626,
        type: 3}
      propertyPath: m_LocalEulerAnglesHint.z
      value: 0
      objectReference: {fileID: 0}
    - target: {fileID: 1334696270263937655, guid: efdf4a95a91c222418e343827e9c1626,
        type: 3}
      propertyPath: m_AnchoredPosition.x
      value: 0
      objectReference: {fileID: 0}
    - target: {fileID: 1334696270263937655, guid: efdf4a95a91c222418e343827e9c1626,
        type: 3}
      propertyPath: m_AnchoredPosition.y
      value: 0
      objectReference: {fileID: 0}
    - target: {fileID: 1334696270263937655, guid: efdf4a95a91c222418e343827e9c1626,
        type: 3}
      propertyPath: m_SizeDelta.x
      value: 0
      objectReference: {fileID: 0}
    - target: {fileID: 1334696270263937655, guid: efdf4a95a91c222418e343827e9c1626,
        type: 3}
      propertyPath: m_SizeDelta.y
      value: 120
      objectReference: {fileID: 0}
    - target: {fileID: 1334696270263937655, guid: efdf4a95a91c222418e343827e9c1626,
        type: 3}
      propertyPath: m_AnchorMin.x
      value: 0
      objectReference: {fileID: 0}
    - target: {fileID: 1334696270263937655, guid: efdf4a95a91c222418e343827e9c1626,
        type: 3}
      propertyPath: m_AnchorMin.y
      value: 0
      objectReference: {fileID: 0}
    - target: {fileID: 1334696270263937655, guid: efdf4a95a91c222418e343827e9c1626,
        type: 3}
      propertyPath: m_AnchorMax.x
      value: 0
      objectReference: {fileID: 0}
    - target: {fileID: 1334696270263937655, guid: efdf4a95a91c222418e343827e9c1626,
        type: 3}
      propertyPath: m_AnchorMax.y
      value: 0
      objectReference: {fileID: 0}
    - target: {fileID: 1334696270263937655, guid: efdf4a95a91c222418e343827e9c1626,
        type: 3}
      propertyPath: m_Pivot.x
      value: 0.5
      objectReference: {fileID: 0}
    - target: {fileID: 1334696270263937655, guid: efdf4a95a91c222418e343827e9c1626,
        type: 3}
      propertyPath: m_Pivot.y
      value: 1
      objectReference: {fileID: 0}
    - target: {fileID: 1761505572320240316, guid: efdf4a95a91c222418e343827e9c1626,
        type: 3}
      propertyPath: m_fontSize
      value: 34.05
      objectReference: {fileID: 0}
    - target: {fileID: 1761505572320240316, guid: efdf4a95a91c222418e343827e9c1626,
        type: 3}
      propertyPath: m_firstOverflowCharacterIndex
      value: -1
      objectReference: {fileID: 0}
    - target: {fileID: 1761505572320240316, guid: efdf4a95a91c222418e343827e9c1626,
        type: 3}
      propertyPath: m_textInfo.lineCount
      value: 1
      objectReference: {fileID: 0}
    - target: {fileID: 1761505572320240316, guid: efdf4a95a91c222418e343827e9c1626,
        type: 3}
      propertyPath: m_textInfo.characterCount
      value: 4
      objectReference: {fileID: 0}
    - target: {fileID: 1761505572320240316, guid: efdf4a95a91c222418e343827e9c1626,
        type: 3}
      propertyPath: m_textInfo.wordCount
      value: 1
      objectReference: {fileID: 0}
    - target: {fileID: 1761505572320240316, guid: efdf4a95a91c222418e343827e9c1626,
        type: 3}
      propertyPath: m_textInfo.pageCount
      value: 1
      objectReference: {fileID: 0}
    - target: {fileID: 1761505572320240316, guid: efdf4a95a91c222418e343827e9c1626,
        type: 3}
      propertyPath: m_textInfo.materialCount
      value: 2
      objectReference: {fileID: 0}
    - target: {fileID: 1761505572320240316, guid: efdf4a95a91c222418e343827e9c1626,
        type: 3}
      propertyPath: m_text
      value: "342\u91CC"
      objectReference: {fileID: 0}
    - target: {fileID: 2800526252305370281, guid: efdf4a95a91c222418e343827e9c1626,
        type: 3}
      propertyPath: m_SizeDelta.x
      value: 187
      objectReference: {fileID: 0}
    - target: {fileID: 2800526252305370281, guid: efdf4a95a91c222418e343827e9c1626,
        type: 3}
      propertyPath: m_SizeDelta.y
      value: 163
      objectReference: {fileID: 0}
    - target: {fileID: 2800526252305370281, guid: efdf4a95a91c222418e343827e9c1626,
        type: 3}
      propertyPath: m_LocalScale.x
      value: 0.5
      objectReference: {fileID: 0}
    - target: {fileID: 2800526252305370281, guid: efdf4a95a91c222418e343827e9c1626,
        type: 3}
      propertyPath: m_LocalScale.y
      value: 0.5
      objectReference: {fileID: 0}
    - target: {fileID: 3219240752793488574, guid: efdf4a95a91c222418e343827e9c1626,
        type: 3}
      propertyPath: m_AnchorMin.y
      value: 0
      objectReference: {fileID: 0}
    - target: {fileID: 3219240752793488574, guid: efdf4a95a91c222418e343827e9c1626,
        type: 3}
      propertyPath: m_AnchorMax.y
      value: 0
      objectReference: {fileID: 0}
    - target: {fileID: 3219240752793488574, guid: efdf4a95a91c222418e343827e9c1626,
        type: 3}
      propertyPath: m_AnchoredPosition.y
      value: 0
      objectReference: {fileID: 0}
    - target: {fileID: 3219240752793488574, guid: efdf4a95a91c222418e343827e9c1626,
        type: 3}
      propertyPath: m_SizeDelta.x
      value: 0
      objectReference: {fileID: 0}
    - target: {fileID: 3219240752793488574, guid: efdf4a95a91c222418e343827e9c1626,
        type: 3}
      propertyPath: m_SizeDelta.y
      value: 0
      objectReference: {fileID: 0}
    - target: {fileID: 4283754449199198529, guid: efdf4a95a91c222418e343827e9c1626,
        type: 3}
      propertyPath: m_Sprite
      value: 
      objectReference: {fileID: 21300000, guid: aa14bf9b058505d418fbb4b3ebda7430,
        type: 3}
    - target: {fileID: 4539177894137320299, guid: efdf4a95a91c222418e343827e9c1626,
        type: 3}
      propertyPath: m_fontSize
      value: 34.05
      objectReference: {fileID: 0}
    - target: {fileID: 4539177894137320299, guid: efdf4a95a91c222418e343827e9c1626,
        type: 3}
      propertyPath: m_textInfo.lineCount
      value: 1
      objectReference: {fileID: 0}
    - target: {fileID: 4539177894137320299, guid: efdf4a95a91c222418e343827e9c1626,
        type: 3}
      propertyPath: m_textInfo.characterCount
      value: 2
      objectReference: {fileID: 0}
    - target: {fileID: 4539177894137320299, guid: efdf4a95a91c222418e343827e9c1626,
        type: 3}
      propertyPath: m_textInfo.wordCount
      value: 1
      objectReference: {fileID: 0}
    - target: {fileID: 4539177894137320299, guid: efdf4a95a91c222418e343827e9c1626,
        type: 3}
      propertyPath: m_textInfo.pageCount
      value: 1
      objectReference: {fileID: 0}
    - target: {fileID: 4539177894137320299, guid: efdf4a95a91c222418e343827e9c1626,
        type: 3}
      propertyPath: m_firstOverflowCharacterIndex
      value: -1
      objectReference: {fileID: 0}
    - target: {fileID: 4539177894137320299, guid: efdf4a95a91c222418e343827e9c1626,
        type: 3}
      propertyPath: m_text
      value: "\u8D70\u8FC7"
      objectReference: {fileID: 0}
    - target: {fileID: 5311965566069058985, guid: efdf4a95a91c222418e343827e9c1626,
        type: 3}
      propertyPath: m_Material
      value: 
      objectReference: {fileID: 0}
    - target: {fileID: 5311965566069058985, guid: efdf4a95a91c222418e343827e9c1626,
        type: 3}
      propertyPath: m_sharedMaterial
      value: 
      objectReference: {fileID: 0}
    - target: {fileID: 8015172907904769150, guid: efdf4a95a91c222418e343827e9c1626,
        type: 3}
      propertyPath: m_Material
      value: 
      objectReference: {fileID: 0}
    - target: {fileID: 8015172907904769150, guid: efdf4a95a91c222418e343827e9c1626,
        type: 3}
      propertyPath: m_sharedMaterial
      value: 
      objectReference: {fileID: 0}
    - target: {fileID: 8199474752759208852, guid: efdf4a95a91c222418e343827e9c1626,
        type: 3}
      propertyPath: m_Name
      value: item_3
      objectReference: {fileID: 0}
    m_RemovedComponents: []
  m_SourcePrefab: {fileID: 100100000, guid: efdf4a95a91c222418e343827e9c1626, type: 3}
--- !u!224 &349468765027075946 stripped
RectTransform:
  m_CorrespondingSourceObject: {fileID: 1334696270263937655, guid: efdf4a95a91c222418e343827e9c1626,
    type: 3}
  m_PrefabInstance: {fileID: 1611238438908357917}
  m_PrefabAsset: {fileID: 0}
--- !u!1001 &6043897958756057717
PrefabInstance:
  m_ObjectHideFlags: 0
  serializedVersion: 2
  m_Modification:
    m_TransformParent: {fileID: 5203973632456469791}
    m_Modifications:
    - target: {fileID: 729991790621310313, guid: efdf4a95a91c222418e343827e9c1626,
        type: 3}
      propertyPath: m_AnchorMin.y
      value: 0
      objectReference: {fileID: 0}
    - target: {fileID: 729991790621310313, guid: efdf4a95a91c222418e343827e9c1626,
        type: 3}
      propertyPath: m_AnchorMax.y
      value: 0
      objectReference: {fileID: 0}
    - target: {fileID: 729991790621310313, guid: efdf4a95a91c222418e343827e9c1626,
        type: 3}
      propertyPath: m_AnchoredPosition.y
      value: 0
      objectReference: {fileID: 0}
    - target: {fileID: 729991790621310313, guid: efdf4a95a91c222418e343827e9c1626,
        type: 3}
      propertyPath: m_SizeDelta.x
      value: 0
      objectReference: {fileID: 0}
    - target: {fileID: 729991790621310313, guid: efdf4a95a91c222418e343827e9c1626,
        type: 3}
      propertyPath: m_SizeDelta.y
      value: 0
      objectReference: {fileID: 0}
    - target: {fileID: 1334696270263937655, guid: efdf4a95a91c222418e343827e9c1626,
        type: 3}
      propertyPath: m_LocalPosition.x
      value: 0
      objectReference: {fileID: 0}
    - target: {fileID: 1334696270263937655, guid: efdf4a95a91c222418e343827e9c1626,
        type: 3}
      propertyPath: m_LocalPosition.y
      value: 0
      objectReference: {fileID: 0}
    - target: {fileID: 1334696270263937655, guid: efdf4a95a91c222418e343827e9c1626,
        type: 3}
      propertyPath: m_LocalPosition.z
      value: 0
      objectReference: {fileID: 0}
    - target: {fileID: 1334696270263937655, guid: efdf4a95a91c222418e343827e9c1626,
        type: 3}
      propertyPath: m_LocalRotation.x
      value: 0
      objectReference: {fileID: 0}
    - target: {fileID: 1334696270263937655, guid: efdf4a95a91c222418e343827e9c1626,
        type: 3}
      propertyPath: m_LocalRotation.y
      value: 0
      objectReference: {fileID: 0}
    - target: {fileID: 1334696270263937655, guid: efdf4a95a91c222418e343827e9c1626,
        type: 3}
      propertyPath: m_LocalRotation.z
      value: 0
      objectReference: {fileID: 0}
    - target: {fileID: 1334696270263937655, guid: efdf4a95a91c222418e343827e9c1626,
        type: 3}
      propertyPath: m_LocalRotation.w
      value: 1
      objectReference: {fileID: 0}
    - target: {fileID: 1334696270263937655, guid: efdf4a95a91c222418e343827e9c1626,
        type: 3}
      propertyPath: m_RootOrder
      value: 0
      objectReference: {fileID: 0}
    - target: {fileID: 1334696270263937655, guid: efdf4a95a91c222418e343827e9c1626,
        type: 3}
      propertyPath: m_LocalEulerAnglesHint.x
      value: 0
      objectReference: {fileID: 0}
    - target: {fileID: 1334696270263937655, guid: efdf4a95a91c222418e343827e9c1626,
        type: 3}
      propertyPath: m_LocalEulerAnglesHint.y
      value: 0
      objectReference: {fileID: 0}
    - target: {fileID: 1334696270263937655, guid: efdf4a95a91c222418e343827e9c1626,
        type: 3}
      propertyPath: m_LocalEulerAnglesHint.z
      value: 0
      objectReference: {fileID: 0}
    - target: {fileID: 1334696270263937655, guid: efdf4a95a91c222418e343827e9c1626,
        type: 3}
      propertyPath: m_AnchoredPosition.x
      value: 0
      objectReference: {fileID: 0}
    - target: {fileID: 1334696270263937655, guid: efdf4a95a91c222418e343827e9c1626,
        type: 3}
      propertyPath: m_AnchoredPosition.y
      value: 0
      objectReference: {fileID: 0}
    - target: {fileID: 1334696270263937655, guid: efdf4a95a91c222418e343827e9c1626,
        type: 3}
      propertyPath: m_SizeDelta.x
      value: 0
      objectReference: {fileID: 0}
    - target: {fileID: 1334696270263937655, guid: efdf4a95a91c222418e343827e9c1626,
        type: 3}
      propertyPath: m_SizeDelta.y
      value: 120
      objectReference: {fileID: 0}
    - target: {fileID: 1334696270263937655, guid: efdf4a95a91c222418e343827e9c1626,
        type: 3}
      propertyPath: m_AnchorMin.x
      value: 0
      objectReference: {fileID: 0}
    - target: {fileID: 1334696270263937655, guid: efdf4a95a91c222418e343827e9c1626,
        type: 3}
      propertyPath: m_AnchorMin.y
      value: 0
      objectReference: {fileID: 0}
    - target: {fileID: 1334696270263937655, guid: efdf4a95a91c222418e343827e9c1626,
        type: 3}
      propertyPath: m_AnchorMax.x
      value: 0
      objectReference: {fileID: 0}
    - target: {fileID: 1334696270263937655, guid: efdf4a95a91c222418e343827e9c1626,
        type: 3}
      propertyPath: m_AnchorMax.y
      value: 0
      objectReference: {fileID: 0}
    - target: {fileID: 1334696270263937655, guid: efdf4a95a91c222418e343827e9c1626,
        type: 3}
      propertyPath: m_Pivot.x
      value: 0.5
      objectReference: {fileID: 0}
    - target: {fileID: 1334696270263937655, guid: efdf4a95a91c222418e343827e9c1626,
        type: 3}
      propertyPath: m_Pivot.y
      value: 1
      objectReference: {fileID: 0}
    - target: {fileID: 1761505572320240316, guid: efdf4a95a91c222418e343827e9c1626,
        type: 3}
      propertyPath: m_fontSize
      value: 34.05
      objectReference: {fileID: 0}
    - target: {fileID: 1761505572320240316, guid: efdf4a95a91c222418e343827e9c1626,
        type: 3}
      propertyPath: m_firstOverflowCharacterIndex
      value: -1
      objectReference: {fileID: 0}
    - target: {fileID: 1761505572320240316, guid: efdf4a95a91c222418e343827e9c1626,
        type: 3}
      propertyPath: m_textInfo.lineCount
      value: 1
      objectReference: {fileID: 0}
    - target: {fileID: 2800526252305370281, guid: efdf4a95a91c222418e343827e9c1626,
        type: 3}
      propertyPath: m_SizeDelta.x
      value: 0
      objectReference: {fileID: 0}
    - target: {fileID: 2800526252305370281, guid: efdf4a95a91c222418e343827e9c1626,
        type: 3}
      propertyPath: m_SizeDelta.y
      value: 0
      objectReference: {fileID: 0}
    - target: {fileID: 2800526252305370281, guid: efdf4a95a91c222418e343827e9c1626,
        type: 3}
      propertyPath: m_LocalScale.x
      value: 0.9
      objectReference: {fileID: 0}
    - target: {fileID: 2800526252305370281, guid: efdf4a95a91c222418e343827e9c1626,
        type: 3}
      propertyPath: m_LocalScale.y
      value: 0.9
      objectReference: {fileID: 0}
    - target: {fileID: 2800526252305370281, guid: efdf4a95a91c222418e343827e9c1626,
        type: 3}
      propertyPath: m_LocalScale.z
      value: 0.9
      objectReference: {fileID: 0}
    - target: {fileID: 3219240752793488574, guid: efdf4a95a91c222418e343827e9c1626,
        type: 3}
      propertyPath: m_AnchorMin.y
      value: 0
      objectReference: {fileID: 0}
    - target: {fileID: 3219240752793488574, guid: efdf4a95a91c222418e343827e9c1626,
        type: 3}
      propertyPath: m_AnchorMax.y
      value: 0
      objectReference: {fileID: 0}
    - target: {fileID: 3219240752793488574, guid: efdf4a95a91c222418e343827e9c1626,
        type: 3}
      propertyPath: m_AnchoredPosition.y
      value: 0
      objectReference: {fileID: 0}
    - target: {fileID: 3219240752793488574, guid: efdf4a95a91c222418e343827e9c1626,
        type: 3}
      propertyPath: m_SizeDelta.x
      value: 0
      objectReference: {fileID: 0}
    - target: {fileID: 3219240752793488574, guid: efdf4a95a91c222418e343827e9c1626,
        type: 3}
      propertyPath: m_SizeDelta.y
      value: 0
      objectReference: {fileID: 0}
    - target: {fileID: 4539177894137320299, guid: efdf4a95a91c222418e343827e9c1626,
        type: 3}
      propertyPath: m_fontSize
      value: 34.05
      objectReference: {fileID: 0}
    - target: {fileID: 4539177894137320299, guid: efdf4a95a91c222418e343827e9c1626,
        type: 3}
      propertyPath: m_textInfo.lineCount
      value: 1
      objectReference: {fileID: 0}
    - target: {fileID: 4539177894137320299, guid: efdf4a95a91c222418e343827e9c1626,
        type: 3}
      propertyPath: m_firstOverflowCharacterIndex
      value: -1
      objectReference: {fileID: 0}
    - target: {fileID: 5311965566069058985, guid: efdf4a95a91c222418e343827e9c1626,
        type: 3}
      propertyPath: m_Material
      value: 
      objectReference: {fileID: 0}
    - target: {fileID: 5311965566069058985, guid: efdf4a95a91c222418e343827e9c1626,
        type: 3}
      propertyPath: m_sharedMaterial
      value: 
      objectReference: {fileID: 0}
    - target: {fileID: 8015172907904769150, guid: efdf4a95a91c222418e343827e9c1626,
        type: 3}
      propertyPath: m_Material
      value: 
      objectReference: {fileID: 0}
    - target: {fileID: 8015172907904769150, guid: efdf4a95a91c222418e343827e9c1626,
        type: 3}
      propertyPath: m_sharedMaterial
      value: 
      objectReference: {fileID: 0}
    - target: {fileID: 8199474752759208852, guid: efdf4a95a91c222418e343827e9c1626,
        type: 3}
      propertyPath: m_Name
      value: item_1
      objectReference: {fileID: 0}
    m_RemovedComponents: []
  m_SourcePrefab: {fileID: 100100000, guid: efdf4a95a91c222418e343827e9c1626, type: 3}
--- !u!224 &4712443083667793922 stripped
RectTransform:
  m_CorrespondingSourceObject: {fileID: 1334696270263937655, guid: efdf4a95a91c222418e343827e9c1626,
    type: 3}
  m_PrefabInstance: {fileID: 6043897958756057717}
  m_PrefabAsset: {fileID: 0}
--- !u!1001 &7452085774955539435
PrefabInstance:
  m_ObjectHideFlags: 0
  serializedVersion: 2
  m_Modification:
    m_TransformParent: {fileID: 5203973632456469791}
    m_Modifications:
    - target: {fileID: 729991790621310313, guid: efdf4a95a91c222418e343827e9c1626,
        type: 3}
      propertyPath: m_AnchorMin.y
      value: 0
      objectReference: {fileID: 0}
    - target: {fileID: 729991790621310313, guid: efdf4a95a91c222418e343827e9c1626,
        type: 3}
      propertyPath: m_AnchorMax.y
      value: 0
      objectReference: {fileID: 0}
    - target: {fileID: 729991790621310313, guid: efdf4a95a91c222418e343827e9c1626,
        type: 3}
      propertyPath: m_AnchoredPosition.y
      value: 0
      objectReference: {fileID: 0}
    - target: {fileID: 729991790621310313, guid: efdf4a95a91c222418e343827e9c1626,
        type: 3}
      propertyPath: m_SizeDelta.x
      value: 0
      objectReference: {fileID: 0}
    - target: {fileID: 729991790621310313, guid: efdf4a95a91c222418e343827e9c1626,
        type: 3}
      propertyPath: m_SizeDelta.y
      value: 0
      objectReference: {fileID: 0}
    - target: {fileID: 1334696270263937655, guid: efdf4a95a91c222418e343827e9c1626,
        type: 3}
      propertyPath: m_LocalPosition.x
      value: 0
      objectReference: {fileID: 0}
    - target: {fileID: 1334696270263937655, guid: efdf4a95a91c222418e343827e9c1626,
        type: 3}
      propertyPath: m_LocalPosition.y
      value: 0
      objectReference: {fileID: 0}
    - target: {fileID: 1334696270263937655, guid: efdf4a95a91c222418e343827e9c1626,
        type: 3}
      propertyPath: m_LocalPosition.z
      value: 0
      objectReference: {fileID: 0}
    - target: {fileID: 1334696270263937655, guid: efdf4a95a91c222418e343827e9c1626,
        type: 3}
      propertyPath: m_LocalRotation.x
      value: 0
      objectReference: {fileID: 0}
    - target: {fileID: 1334696270263937655, guid: efdf4a95a91c222418e343827e9c1626,
        type: 3}
      propertyPath: m_LocalRotation.y
      value: 0
      objectReference: {fileID: 0}
    - target: {fileID: 1334696270263937655, guid: efdf4a95a91c222418e343827e9c1626,
        type: 3}
      propertyPath: m_LocalRotation.z
      value: 0
      objectReference: {fileID: 0}
    - target: {fileID: 1334696270263937655, guid: efdf4a95a91c222418e343827e9c1626,
        type: 3}
      propertyPath: m_LocalRotation.w
      value: 1
      objectReference: {fileID: 0}
    - target: {fileID: 1334696270263937655, guid: efdf4a95a91c222418e343827e9c1626,
        type: 3}
      propertyPath: m_RootOrder
      value: 1
      objectReference: {fileID: 0}
    - target: {fileID: 1334696270263937655, guid: efdf4a95a91c222418e343827e9c1626,
        type: 3}
      propertyPath: m_LocalEulerAnglesHint.x
      value: 0
      objectReference: {fileID: 0}
    - target: {fileID: 1334696270263937655, guid: efdf4a95a91c222418e343827e9c1626,
        type: 3}
      propertyPath: m_LocalEulerAnglesHint.y
      value: 0
      objectReference: {fileID: 0}
    - target: {fileID: 1334696270263937655, guid: efdf4a95a91c222418e343827e9c1626,
        type: 3}
      propertyPath: m_LocalEulerAnglesHint.z
      value: 0
      objectReference: {fileID: 0}
    - target: {fileID: 1334696270263937655, guid: efdf4a95a91c222418e343827e9c1626,
        type: 3}
      propertyPath: m_AnchoredPosition.x
      value: 0
      objectReference: {fileID: 0}
    - target: {fileID: 1334696270263937655, guid: efdf4a95a91c222418e343827e9c1626,
        type: 3}
      propertyPath: m_AnchoredPosition.y
      value: 0
      objectReference: {fileID: 0}
    - target: {fileID: 1334696270263937655, guid: efdf4a95a91c222418e343827e9c1626,
        type: 3}
      propertyPath: m_SizeDelta.x
      value: 0
      objectReference: {fileID: 0}
    - target: {fileID: 1334696270263937655, guid: efdf4a95a91c222418e343827e9c1626,
        type: 3}
      propertyPath: m_SizeDelta.y
      value: 120
      objectReference: {fileID: 0}
    - target: {fileID: 1334696270263937655, guid: efdf4a95a91c222418e343827e9c1626,
        type: 3}
      propertyPath: m_AnchorMin.x
      value: 0
      objectReference: {fileID: 0}
    - target: {fileID: 1334696270263937655, guid: efdf4a95a91c222418e343827e9c1626,
        type: 3}
      propertyPath: m_AnchorMin.y
      value: 0
      objectReference: {fileID: 0}
    - target: {fileID: 1334696270263937655, guid: efdf4a95a91c222418e343827e9c1626,
        type: 3}
      propertyPath: m_AnchorMax.x
      value: 0
      objectReference: {fileID: 0}
    - target: {fileID: 1334696270263937655, guid: efdf4a95a91c222418e343827e9c1626,
        type: 3}
      propertyPath: m_AnchorMax.y
      value: 0
      objectReference: {fileID: 0}
    - target: {fileID: 1334696270263937655, guid: efdf4a95a91c222418e343827e9c1626,
        type: 3}
      propertyPath: m_Pivot.x
      value: 0.5
      objectReference: {fileID: 0}
    - target: {fileID: 1334696270263937655, guid: efdf4a95a91c222418e343827e9c1626,
        type: 3}
      propertyPath: m_Pivot.y
      value: 1
      objectReference: {fileID: 0}
    - target: {fileID: 1761505572320240316, guid: efdf4a95a91c222418e343827e9c1626,
        type: 3}
      propertyPath: m_fontSize
      value: 34.05
      objectReference: {fileID: 0}
    - target: {fileID: 1761505572320240316, guid: efdf4a95a91c222418e343827e9c1626,
        type: 3}
      propertyPath: m_firstOverflowCharacterIndex
      value: -1
      objectReference: {fileID: 0}
    - target: {fileID: 1761505572320240316, guid: efdf4a95a91c222418e343827e9c1626,
        type: 3}
      propertyPath: m_textInfo.lineCount
      value: 1
      objectReference: {fileID: 0}
    - target: {fileID: 1761505572320240316, guid: efdf4a95a91c222418e343827e9c1626,
        type: 3}
      propertyPath: m_textInfo.characterCount
      value: 4
      objectReference: {fileID: 0}
    - target: {fileID: 1761505572320240316, guid: efdf4a95a91c222418e343827e9c1626,
        type: 3}
      propertyPath: m_textInfo.wordCount
      value: 1
      objectReference: {fileID: 0}
    - target: {fileID: 1761505572320240316, guid: efdf4a95a91c222418e343827e9c1626,
        type: 3}
      propertyPath: m_textInfo.pageCount
      value: 1
      objectReference: {fileID: 0}
    - target: {fileID: 1761505572320240316, guid: efdf4a95a91c222418e343827e9c1626,
        type: 3}
      propertyPath: m_textInfo.materialCount
      value: 2
      objectReference: {fileID: 0}
    - target: {fileID: 1761505572320240316, guid: efdf4a95a91c222418e343827e9c1626,
        type: 3}
      propertyPath: m_text
      value: "5\u4E2A\u8282\u70B9"
      objectReference: {fileID: 0}
    - target: {fileID: 2800526252305370281, guid: efdf4a95a91c222418e343827e9c1626,
        type: 3}
      propertyPath: m_SizeDelta.x
      value: 0
      objectReference: {fileID: 0}
    - target: {fileID: 2800526252305370281, guid: efdf4a95a91c222418e343827e9c1626,
        type: 3}
      propertyPath: m_SizeDelta.y
      value: 0
      objectReference: {fileID: 0}
    - target: {fileID: 2800526252305370281, guid: efdf4a95a91c222418e343827e9c1626,
        type: 3}
      propertyPath: m_LocalScale.x
      value: 1.4
      objectReference: {fileID: 0}
    - target: {fileID: 2800526252305370281, guid: efdf4a95a91c222418e343827e9c1626,
        type: 3}
      propertyPath: m_LocalScale.y
      value: 1.4
      objectReference: {fileID: 0}
    - target: {fileID: 2800526252305370281, guid: efdf4a95a91c222418e343827e9c1626,
        type: 3}
      propertyPath: m_LocalScale.z
      value: 1.4
      objectReference: {fileID: 0}
    - target: {fileID: 3219240752793488574, guid: efdf4a95a91c222418e343827e9c1626,
        type: 3}
      propertyPath: m_AnchorMin.y
      value: 0
      objectReference: {fileID: 0}
    - target: {fileID: 3219240752793488574, guid: efdf4a95a91c222418e343827e9c1626,
        type: 3}
      propertyPath: m_AnchorMax.y
      value: 0
      objectReference: {fileID: 0}
    - target: {fileID: 3219240752793488574, guid: efdf4a95a91c222418e343827e9c1626,
        type: 3}
      propertyPath: m_AnchoredPosition.y
      value: 0
      objectReference: {fileID: 0}
    - target: {fileID: 3219240752793488574, guid: efdf4a95a91c222418e343827e9c1626,
        type: 3}
      propertyPath: m_SizeDelta.x
      value: 0
      objectReference: {fileID: 0}
    - target: {fileID: 3219240752793488574, guid: efdf4a95a91c222418e343827e9c1626,
        type: 3}
      propertyPath: m_SizeDelta.y
      value: 0
      objectReference: {fileID: 0}
    - target: {fileID: 4283754449199198529, guid: efdf4a95a91c222418e343827e9c1626,
        type: 3}
      propertyPath: m_Sprite
      value: 
      objectReference: {fileID: 21300000, guid: 60d49ee99d6615548b6e98e87fe3366f,
        type: 3}
    - target: {fileID: 4539177894137320299, guid: efdf4a95a91c222418e343827e9c1626,
        type: 3}
      propertyPath: m_fontSize
      value: 34.05
      objectReference: {fileID: 0}
    - target: {fileID: 4539177894137320299, guid: efdf4a95a91c222418e343827e9c1626,
        type: 3}
      propertyPath: m_textInfo.lineCount
      value: 1
      objectReference: {fileID: 0}
    - target: {fileID: 4539177894137320299, guid: efdf4a95a91c222418e343827e9c1626,
        type: 3}
      propertyPath: m_textInfo.characterCount
      value: 2
      objectReference: {fileID: 0}
    - target: {fileID: 4539177894137320299, guid: efdf4a95a91c222418e343827e9c1626,
        type: 3}
      propertyPath: m_textInfo.wordCount
      value: 1
      objectReference: {fileID: 0}
    - target: {fileID: 4539177894137320299, guid: efdf4a95a91c222418e343827e9c1626,
        type: 3}
      propertyPath: m_textInfo.pageCount
      value: 1
      objectReference: {fileID: 0}
    - target: {fileID: 4539177894137320299, guid: efdf4a95a91c222418e343827e9c1626,
        type: 3}
      propertyPath: m_text
      value: "\u7ECF\u8FC7"
      objectReference: {fileID: 0}
    - target: {fileID: 4539177894137320299, guid: efdf4a95a91c222418e343827e9c1626,
        type: 3}
      propertyPath: m_firstOverflowCharacterIndex
      value: -1
      objectReference: {fileID: 0}
    - target: {fileID: 5311965566069058985, guid: efdf4a95a91c222418e343827e9c1626,
        type: 3}
      propertyPath: m_Material
      value: 
      objectReference: {fileID: 0}
    - target: {fileID: 5311965566069058985, guid: efdf4a95a91c222418e343827e9c1626,
        type: 3}
      propertyPath: m_sharedMaterial
      value: 
      objectReference: {fileID: 0}
    - target: {fileID: 8015172907904769150, guid: efdf4a95a91c222418e343827e9c1626,
        type: 3}
      propertyPath: m_Material
      value: 
      objectReference: {fileID: 0}
    - target: {fileID: 8015172907904769150, guid: efdf4a95a91c222418e343827e9c1626,
        type: 3}
      propertyPath: m_sharedMaterial
      value: 
      objectReference: {fileID: 0}
    - target: {fileID: 8199474752759208852, guid: efdf4a95a91c222418e343827e9c1626,
        type: 3}
      propertyPath: m_Name
      value: item_2
      objectReference: {fileID: 0}
    m_RemovedComponents: []
  m_SourcePrefab: {fileID: 100100000, guid: efdf4a95a91c222418e343827e9c1626, type: 3}
--- !u!224 &8497988654686896540 stripped
RectTransform:
  m_CorrespondingSourceObject: {fileID: 1334696270263937655, guid: efdf4a95a91c222418e343827e9c1626,
    type: 3}
  m_PrefabInstance: {fileID: 7452085774955539435}
  m_PrefabAsset: {fileID: 0}
--- !u!1001 &8198525429466760848
PrefabInstance:
  m_ObjectHideFlags: 0
  serializedVersion: 2
  m_Modification:
    m_TransformParent: {fileID: 5203973632456469791}
    m_Modifications:
    - target: {fileID: 71133570220776214, guid: efdf4a95a91c222418e343827e9c1626,
        type: 3}
      propertyPath: m_IsActive
      value: 0
      objectReference: {fileID: 0}
    - target: {fileID: 729991790621310313, guid: efdf4a95a91c222418e343827e9c1626,
        type: 3}
      propertyPath: m_AnchorMin.y
      value: 0
      objectReference: {fileID: 0}
    - target: {fileID: 729991790621310313, guid: efdf4a95a91c222418e343827e9c1626,
        type: 3}
      propertyPath: m_AnchorMax.y
      value: 0
      objectReference: {fileID: 0}
    - target: {fileID: 729991790621310313, guid: efdf4a95a91c222418e343827e9c1626,
        type: 3}
      propertyPath: m_AnchoredPosition.y
      value: 0
      objectReference: {fileID: 0}
    - target: {fileID: 729991790621310313, guid: efdf4a95a91c222418e343827e9c1626,
        type: 3}
      propertyPath: m_SizeDelta.x
      value: 0
      objectReference: {fileID: 0}
    - target: {fileID: 729991790621310313, guid: efdf4a95a91c222418e343827e9c1626,
        type: 3}
      propertyPath: m_SizeDelta.y
      value: 0
      objectReference: {fileID: 0}
    - target: {fileID: 1334696270263937655, guid: efdf4a95a91c222418e343827e9c1626,
        type: 3}
      propertyPath: m_LocalPosition.x
      value: 0
      objectReference: {fileID: 0}
    - target: {fileID: 1334696270263937655, guid: efdf4a95a91c222418e343827e9c1626,
        type: 3}
      propertyPath: m_LocalPosition.y
      value: 0
      objectReference: {fileID: 0}
    - target: {fileID: 1334696270263937655, guid: efdf4a95a91c222418e343827e9c1626,
        type: 3}
      propertyPath: m_LocalPosition.z
      value: 0
      objectReference: {fileID: 0}
    - target: {fileID: 1334696270263937655, guid: efdf4a95a91c222418e343827e9c1626,
        type: 3}
      propertyPath: m_LocalRotation.x
      value: 0
      objectReference: {fileID: 0}
    - target: {fileID: 1334696270263937655, guid: efdf4a95a91c222418e343827e9c1626,
        type: 3}
      propertyPath: m_LocalRotation.y
      value: 0
      objectReference: {fileID: 0}
    - target: {fileID: 1334696270263937655, guid: efdf4a95a91c222418e343827e9c1626,
        type: 3}
      propertyPath: m_LocalRotation.z
      value: 0
      objectReference: {fileID: 0}
    - target: {fileID: 1334696270263937655, guid: efdf4a95a91c222418e343827e9c1626,
        type: 3}
      propertyPath: m_LocalRotation.w
      value: 1
      objectReference: {fileID: 0}
    - target: {fileID: 1334696270263937655, guid: efdf4a95a91c222418e343827e9c1626,
        type: 3}
      propertyPath: m_RootOrder
      value: 3
      objectReference: {fileID: 0}
    - target: {fileID: 1334696270263937655, guid: efdf4a95a91c222418e343827e9c1626,
        type: 3}
      propertyPath: m_LocalEulerAnglesHint.x
      value: 0
      objectReference: {fileID: 0}
    - target: {fileID: 1334696270263937655, guid: efdf4a95a91c222418e343827e9c1626,
        type: 3}
      propertyPath: m_LocalEulerAnglesHint.y
      value: 0
      objectReference: {fileID: 0}
    - target: {fileID: 1334696270263937655, guid: efdf4a95a91c222418e343827e9c1626,
        type: 3}
      propertyPath: m_LocalEulerAnglesHint.z
      value: 0
      objectReference: {fileID: 0}
    - target: {fileID: 1334696270263937655, guid: efdf4a95a91c222418e343827e9c1626,
        type: 3}
      propertyPath: m_AnchoredPosition.x
      value: 0
      objectReference: {fileID: 0}
    - target: {fileID: 1334696270263937655, guid: efdf4a95a91c222418e343827e9c1626,
        type: 3}
      propertyPath: m_AnchoredPosition.y
      value: 0
      objectReference: {fileID: 0}
    - target: {fileID: 1334696270263937655, guid: efdf4a95a91c222418e343827e9c1626,
        type: 3}
      propertyPath: m_SizeDelta.x
      value: 0
      objectReference: {fileID: 0}
    - target: {fileID: 1334696270263937655, guid: efdf4a95a91c222418e343827e9c1626,
        type: 3}
      propertyPath: m_SizeDelta.y
      value: 120
      objectReference: {fileID: 0}
    - target: {fileID: 1334696270263937655, guid: efdf4a95a91c222418e343827e9c1626,
        type: 3}
      propertyPath: m_AnchorMin.x
      value: 0
      objectReference: {fileID: 0}
    - target: {fileID: 1334696270263937655, guid: efdf4a95a91c222418e343827e9c1626,
        type: 3}
      propertyPath: m_AnchorMin.y
      value: 0
      objectReference: {fileID: 0}
    - target: {fileID: 1334696270263937655, guid: efdf4a95a91c222418e343827e9c1626,
        type: 3}
      propertyPath: m_AnchorMax.x
      value: 0
      objectReference: {fileID: 0}
    - target: {fileID: 1334696270263937655, guid: efdf4a95a91c222418e343827e9c1626,
        type: 3}
      propertyPath: m_AnchorMax.y
      value: 0
      objectReference: {fileID: 0}
    - target: {fileID: 1334696270263937655, guid: efdf4a95a91c222418e343827e9c1626,
        type: 3}
      propertyPath: m_Pivot.x
      value: 0.5
      objectReference: {fileID: 0}
    - target: {fileID: 1334696270263937655, guid: efdf4a95a91c222418e343827e9c1626,
        type: 3}
      propertyPath: m_Pivot.y
      value: 1
      objectReference: {fileID: 0}
    - target: {fileID: 1761505572320240316, guid: efdf4a95a91c222418e343827e9c1626,
        type: 3}
      propertyPath: m_fontSize
      value: 48
      objectReference: {fileID: 0}
    - target: {fileID: 1761505572320240316, guid: efdf4a95a91c222418e343827e9c1626,
        type: 3}
      propertyPath: m_firstOverflowCharacterIndex
      value: -1
      objectReference: {fileID: 0}
    - target: {fileID: 1761505572320240316, guid: efdf4a95a91c222418e343827e9c1626,
        type: 3}
      propertyPath: m_textInfo.lineCount
      value: 1
      objectReference: {fileID: 0}
    - target: {fileID: 1761505572320240316, guid: efdf4a95a91c222418e343827e9c1626,
        type: 3}
      propertyPath: m_textInfo.characterCount
      value: 4
      objectReference: {fileID: 0}
    - target: {fileID: 1761505572320240316, guid: efdf4a95a91c222418e343827e9c1626,
        type: 3}
      propertyPath: m_textInfo.wordCount
      value: 2
      objectReference: {fileID: 0}
    - target: {fileID: 1761505572320240316, guid: efdf4a95a91c222418e343827e9c1626,
        type: 3}
      propertyPath: m_textInfo.pageCount
      value: 1
      objectReference: {fileID: 0}
    - target: {fileID: 1761505572320240316, guid: efdf4a95a91c222418e343827e9c1626,
        type: 3}
      propertyPath: m_textInfo.materialCount
      value: 2
      objectReference: {fileID: 0}
    - target: {fileID: 1761505572320240316, guid: efdf4a95a91c222418e343827e9c1626,
        type: 3}
      propertyPath: m_text
      value: +120
      objectReference: {fileID: 0}
    - target: {fileID: 1761505572320240316, guid: efdf4a95a91c222418e343827e9c1626,
        type: 3}
      propertyPath: m_enableAutoSizing
      value: 0
      objectReference: {fileID: 0}
    - target: {fileID: 1761505572320240316, guid: efdf4a95a91c222418e343827e9c1626,
        type: 3}
      propertyPath: m_fontSizeBase
      value: 48
      objectReference: {fileID: 0}
    - target: {fileID: 2800526252305370281, guid: efdf4a95a91c222418e343827e9c1626,
        type: 3}
      propertyPath: m_SizeDelta.x
      value: 0
      objectReference: {fileID: 0}
    - target: {fileID: 2800526252305370281, guid: efdf4a95a91c222418e343827e9c1626,
        type: 3}
      propertyPath: m_SizeDelta.y
      value: 0
      objectReference: {fileID: 0}
    - target: {fileID: 3219240752793488574, guid: efdf4a95a91c222418e343827e9c1626,
        type: 3}
      propertyPath: m_AnchorMin.y
      value: 1
      objectReference: {fileID: 0}
    - target: {fileID: 3219240752793488574, guid: efdf4a95a91c222418e343827e9c1626,
        type: 3}
      propertyPath: m_AnchorMax.y
      value: 1
      objectReference: {fileID: 0}
    - target: {fileID: 3219240752793488574, guid: efdf4a95a91c222418e343827e9c1626,
        type: 3}
      propertyPath: m_AnchoredPosition.y
      value: -60.000004
      objectReference: {fileID: 0}
    - target: {fileID: 3219240752793488574, guid: efdf4a95a91c222418e343827e9c1626,
        type: 3}
      propertyPath: m_SizeDelta.x
      value: 230
      objectReference: {fileID: 0}
    - target: {fileID: 3219240752793488574, guid: efdf4a95a91c222418e343827e9c1626,
        type: 3}
      propertyPath: m_SizeDelta.y
      value: 60.000004
      objectReference: {fileID: 0}
    - target: {fileID: 4283754449199198529, guid: efdf4a95a91c222418e343827e9c1626,
        type: 3}
      propertyPath: m_Sprite
      value: 
      objectReference: {fileID: 21300000, guid: 263cfce97553ae44183d68e8456e0d91,
        type: 3}
    - target: {fileID: 4539177894137320299, guid: efdf4a95a91c222418e343827e9c1626,
        type: 3}
      propertyPath: m_fontSize
      value: 34.05
      objectReference: {fileID: 0}
    - target: {fileID: 4539177894137320299, guid: efdf4a95a91c222418e343827e9c1626,
        type: 3}
      propertyPath: m_textInfo.lineCount
      value: 1
      objectReference: {fileID: 0}
    - target: {fileID: 4539177894137320299, guid: efdf4a95a91c222418e343827e9c1626,
        type: 3}
      propertyPath: m_textInfo.characterCount
      value: 2
      objectReference: {fileID: 0}
    - target: {fileID: 4539177894137320299, guid: efdf4a95a91c222418e343827e9c1626,
        type: 3}
      propertyPath: m_textInfo.wordCount
      value: 1
      objectReference: {fileID: 0}
    - target: {fileID: 4539177894137320299, guid: efdf4a95a91c222418e343827e9c1626,
        type: 3}
      propertyPath: m_textInfo.pageCount
      value: 1
      objectReference: {fileID: 0}
    - target: {fileID: 4539177894137320299, guid: efdf4a95a91c222418e343827e9c1626,
        type: 3}
      propertyPath: m_firstOverflowCharacterIndex
      value: -1
      objectReference: {fileID: 0}
    - target: {fileID: 5311965566069058985, guid: efdf4a95a91c222418e343827e9c1626,
        type: 3}
      propertyPath: m_Material
      value: 
      objectReference: {fileID: 0}
    - target: {fileID: 5311965566069058985, guid: efdf4a95a91c222418e343827e9c1626,
        type: 3}
      propertyPath: m_sharedMaterial
      value: 
      objectReference: {fileID: 0}
    - target: {fileID: 5311965566069058985, guid: efdf4a95a91c222418e343827e9c1626,
        type: 3}
      propertyPath: m_Enabled
      value: 0
      objectReference: {fileID: 0}
    - target: {fileID: 7193313418663522266, guid: efdf4a95a91c222418e343827e9c1626,
        type: 3}
      propertyPath: m_AnchoredPosition.y
      value: 0
      objectReference: {fileID: 0}
    - target: {fileID: 7193313418663522266, guid: efdf4a95a91c222418e343827e9c1626,
        type: 3}
      propertyPath: m_SizeDelta.y
      value: 0
      objectReference: {fileID: 0}
    - target: {fileID: 8015172907904769150, guid: efdf4a95a91c222418e343827e9c1626,
        type: 3}
      propertyPath: m_Material
      value: 
      objectReference: {fileID: 0}
    - target: {fileID: 8015172907904769150, guid: efdf4a95a91c222418e343827e9c1626,
        type: 3}
      propertyPath: m_sharedMaterial
      value: 
      objectReference: {fileID: 0}
    - target: {fileID: 8199474752759208852, guid: efdf4a95a91c222418e343827e9c1626,
        type: 3}
      propertyPath: m_Name
      value: item_4
      objectReference: {fileID: 0}
    m_RemovedComponents: []
  m_SourcePrefab: {fileID: 100100000, guid: efdf4a95a91c222418e343827e9c1626, type: 3}
--- !u!224 &7152499470465330407 stripped
RectTransform:
  m_CorrespondingSourceObject: {fileID: 1334696270263937655, guid: efdf4a95a91c222418e343827e9c1626,
    type: 3}
  m_PrefabInstance: {fileID: 8198525429466760848}
  m_PrefabAsset: {fileID: 0}
