%YAML 1.1
%TAG !u! tag:unity3d.com,2011:
--- !u!1 &5985916138692654317
GameObject:
  m_ObjectHideFlags: 0
  m_CorrespondingSourceObject: {fileID: 0}
  m_PrefabInstance: {fileID: 0}
  m_PrefabAsset: {fileID: 0}
  serializedVersion: 6
  m_Component:
  - component: {fileID: 3866772071943314587}
  - component: {fileID: 2143109024597721035}
  - component: {fileID: 7422346184524022072}
  m_Layer: 5
  m_Name: frame
  m_TagString: Untagged
  m_Icon: {fileID: 0}
  m_NavMeshLayer: 0
  m_StaticEditorFlags: 0
  m_IsActive: 1
--- !u!224 &3866772071943314587
RectTransform:
  m_ObjectHideFlags: 0
  m_CorrespondingSourceObject: {fileID: 0}
  m_PrefabInstance: {fileID: 0}
  m_PrefabAsset: {fileID: 0}
  m_GameObject: {fileID: 5985916138692654317}
  m_LocalRotation: {x: 0, y: 0, z: 0, w: 1}
  m_LocalPosition: {x: 0, y: 0, z: 0}
  m_LocalScale: {x: 1, y: 1, z: 1}
  m_Children: []
  m_Father: {fileID: 3461300970149511979}
  m_RootOrder: 2
  m_LocalEulerAnglesHint: {x: 0, y: 0, z: 0}
  m_AnchorMin: {x: 0, y: 0}
  m_AnchorMax: {x: 1, y: 1}
  m_AnchoredPosition: {x: 0, y: 0}
  m_SizeDelta: {x: 0, y: 0}
  m_Pivot: {x: 0.5, y: 0.5}
--- !u!222 &2143109024597721035
CanvasRenderer:
  m_ObjectHideFlags: 0
  m_CorrespondingSourceObject: {fileID: 0}
  m_PrefabInstance: {fileID: 0}
  m_PrefabAsset: {fileID: 0}
  m_GameObject: {fileID: 5985916138692654317}
  m_CullTransparentMesh: 0
--- !u!114 &7422346184524022072
MonoBehaviour:
  m_ObjectHideFlags: 0
  m_CorrespondingSourceObject: {fileID: 0}
  m_PrefabInstance: {fileID: 0}
  m_PrefabAsset: {fileID: 0}
  m_GameObject: {fileID: 5985916138692654317}
  m_Enabled: 1
  m_EditorHideFlags: 0
  m_Script: {fileID: 11500000, guid: fe87c0e1cc204ed48ad3b37840f39efc, type: 3}
  m_Name: 
  m_EditorClassIdentifier: 
  m_Material: {fileID: 0}
  m_Color: {r: 1, g: 1, b: 1, a: 1}
  m_RaycastTarget: 0
  m_Maskable: 1
  m_OnCullStateChanged:
    m_PersistentCalls:
      m_Calls: []
  m_Sprite: {fileID: 3191814234153006633, guid: 76fc86b3b2925c84fbc2fc489de9cb6a,
    type: 3}
  m_Type: 0
  m_PreserveAspect: 0
  m_FillCenter: 1
  m_FillMethod: 4
  m_FillAmount: 1
  m_FillClockwise: 1
  m_FillOrigin: 0
  m_UseSpriteMesh: 0
  m_PixelsPerUnitMultiplier: 1
--- !u!1 &7177346751354511240
GameObject:
  m_ObjectHideFlags: 0
  m_CorrespondingSourceObject: {fileID: 0}
  m_PrefabInstance: {fileID: 0}
  m_PrefabAsset: {fileID: 0}
  serializedVersion: 6
  m_Component:
  - component: {fileID: 3811031847782258915}
  - component: {fileID: 2383882885647805743}
  m_Layer: 5
  m_Name: item_group
  m_TagString: Untagged
  m_Icon: {fileID: 0}
  m_NavMeshLayer: 0
  m_StaticEditorFlags: 0
  m_IsActive: 1
--- !u!224 &3811031847782258915
RectTransform:
  m_ObjectHideFlags: 0
  m_CorrespondingSourceObject: {fileID: 0}
  m_PrefabInstance: {fileID: 0}
  m_PrefabAsset: {fileID: 0}
  m_GameObject: {fileID: 7177346751354511240}
  m_LocalRotation: {x: -0, y: -0, z: -0, w: 1}
  m_LocalPosition: {x: 0, y: 0, z: 0}
  m_LocalScale: {x: 1, y: 1, z: 1}
  m_Children:
  - {fileID: 8897489566607172551}
  - {fileID: 9064211103748780768}
  - {fileID: 4712527521314308383}
  m_Father: {fileID: 3461300970149511979}
  m_RootOrder: 3
  m_LocalEulerAnglesHint: {x: 0, y: 0, z: 0}
  m_AnchorMin: {x: 0.5, y: 1}
  m_AnchorMax: {x: 0.5, y: 1}
  m_AnchoredPosition: {x: 0, y: 0}
  m_SizeDelta: {x: 200, y: 50}
  m_Pivot: {x: 0.5, y: 1}
--- !u!114 &2383882885647805743
MonoBehaviour:
  m_ObjectHideFlags: 0
  m_CorrespondingSourceObject: {fileID: 0}
  m_PrefabInstance: {fileID: 0}
  m_PrefabAsset: {fileID: 0}
  m_GameObject: {fileID: 7177346751354511240}
  m_Enabled: 1
  m_EditorHideFlags: 0
  m_Script: {fileID: 11500000, guid: 30649d3a9faa99c48a7b1166b86bf2a0, type: 3}
  m_Name: 
  m_EditorClassIdentifier: 
  m_Padding:
    m_Left: 0
    m_Right: 0
    m_Top: 0
    m_Bottom: 0
  m_ChildAlignment: 4
  m_Spacing: 0
  m_ChildForceExpandWidth: 1
  m_ChildForceExpandHeight: 0
  m_ChildControlWidth: 0
  m_ChildControlHeight: 0
  m_ChildScaleWidth: 0
  m_ChildScaleHeight: 0
--- !u!1 &9096389839879096110
GameObject:
  m_ObjectHideFlags: 0
  m_CorrespondingSourceObject: {fileID: 0}
  m_PrefabInstance: {fileID: 0}
  m_PrefabAsset: {fileID: 0}
  serializedVersion: 6
  m_Component:
  - component: {fileID: 3461300970149511979}
  - component: {fileID: 1443947751651947724}
  m_Layer: 5
  m_Name: counter
  m_TagString: Untagged
  m_Icon: {fileID: 0}
  m_NavMeshLayer: 0
  m_StaticEditorFlags: 0
  m_IsActive: 1
--- !u!224 &3461300970149511979
RectTransform:
  m_ObjectHideFlags: 0
  m_CorrespondingSourceObject: {fileID: 0}
  m_PrefabInstance: {fileID: 0}
  m_PrefabAsset: {fileID: 0}
  m_GameObject: {fileID: 9096389839879096110}
  m_LocalRotation: {x: -0, y: -0, z: -0, w: 1}
  m_LocalPosition: {x: 0, y: 0, z: 0}
  m_LocalScale: {x: 1, y: 1, z: 1}
  m_Children:
  - {fileID: 3256369070594730012}
  - {fileID: 1393692997335517194}
  - {fileID: 3866772071943314587}
  - {fileID: 3811031847782258915}
  - {fileID: 1021085726164565326}
  m_Father: {fileID: 0}
  m_RootOrder: 0
  m_LocalEulerAnglesHint: {x: 0, y: 0, z: 0}
  m_AnchorMin: {x: 1, y: 0.5}
  m_AnchorMax: {x: 1, y: 0.5}
  m_AnchoredPosition: {x: -498, y: 38.5}
  m_SizeDelta: {x: 200, y: 50}
  m_Pivot: {x: 1, y: 0.5}
--- !u!114 &1443947751651947724
MonoBehaviour:
  m_ObjectHideFlags: 0
  m_CorrespondingSourceObject: {fileID: 0}
  m_PrefabInstance: {fileID: 0}
  m_PrefabAsset: {fileID: 0}
  m_GameObject: {fileID: 9096389839879096110}
  m_Enabled: 1
  m_EditorHideFlags: 0
  m_Script: {fileID: 11500000, guid: e98978671890eef4f82677c5e4096f88, type: 3}
  m_Name: 
  m_EditorClassIdentifier: 
  counterFrames: {fileID: 0}
  counterIcon: {fileID: 0}
  text: {fileID: 5758346902476937035}
  counters:
  - {fileID: 7491848602288010018}
  - {fileID: 7010086994640871941}
  - {fileID: 6765565330380968442}
--- !u!1001 &113666315579389971
PrefabInstance:
  m_ObjectHideFlags: 0
  serializedVersion: 2
  m_Modification:
    m_TransformParent: {fileID: 3461300970149511979}
    m_Modifications:
    - target: {fileID: 1352406503938289689, guid: 8bc733b899739f94a868f5f67aace632,
        type: 3}
      propertyPath: m_LocalPosition.x
      value: 0
      objectReference: {fileID: 0}
    - target: {fileID: 1352406503938289689, guid: 8bc733b899739f94a868f5f67aace632,
        type: 3}
      propertyPath: m_LocalPosition.y
      value: 0
      objectReference: {fileID: 0}
    - target: {fileID: 1352406503938289689, guid: 8bc733b899739f94a868f5f67aace632,
        type: 3}
      propertyPath: m_LocalPosition.z
      value: 0
      objectReference: {fileID: 0}
    - target: {fileID: 1352406503938289689, guid: 8bc733b899739f94a868f5f67aace632,
        type: 3}
      propertyPath: m_LocalRotation.x
      value: 0
      objectReference: {fileID: 0}
    - target: {fileID: 1352406503938289689, guid: 8bc733b899739f94a868f5f67aace632,
        type: 3}
      propertyPath: m_LocalRotation.y
      value: 0
      objectReference: {fileID: 0}
    - target: {fileID: 1352406503938289689, guid: 8bc733b899739f94a868f5f67aace632,
        type: 3}
      propertyPath: m_LocalRotation.z
      value: 0
      objectReference: {fileID: 0}
    - target: {fileID: 1352406503938289689, guid: 8bc733b899739f94a868f5f67aace632,
        type: 3}
      propertyPath: m_LocalRotation.w
      value: 1
      objectReference: {fileID: 0}
    - target: {fileID: 1352406503938289689, guid: 8bc733b899739f94a868f5f67aace632,
        type: 3}
      propertyPath: m_RootOrder
      value: 1
      objectReference: {fileID: 0}
    - target: {fileID: 1352406503938289689, guid: 8bc733b899739f94a868f5f67aace632,
        type: 3}
      propertyPath: m_LocalEulerAnglesHint.x
      value: 0
      objectReference: {fileID: 0}
    - target: {fileID: 1352406503938289689, guid: 8bc733b899739f94a868f5f67aace632,
        type: 3}
      propertyPath: m_LocalEulerAnglesHint.y
      value: 0
      objectReference: {fileID: 0}
    - target: {fileID: 1352406503938289689, guid: 8bc733b899739f94a868f5f67aace632,
        type: 3}
      propertyPath: m_LocalEulerAnglesHint.z
      value: 0
      objectReference: {fileID: 0}
    - target: {fileID: 1352406503938289689, guid: 8bc733b899739f94a868f5f67aace632,
        type: 3}
      propertyPath: m_AnchoredPosition.x
      value: 0
      objectReference: {fileID: 0}
    - target: {fileID: 1352406503938289689, guid: 8bc733b899739f94a868f5f67aace632,
        type: 3}
      propertyPath: m_AnchoredPosition.y
      value: -15
      objectReference: {fileID: 0}
    - target: {fileID: 1352406503938289689, guid: 8bc733b899739f94a868f5f67aace632,
        type: 3}
      propertyPath: m_SizeDelta.x
      value: 100
      objectReference: {fileID: 0}
    - target: {fileID: 1352406503938289689, guid: 8bc733b899739f94a868f5f67aace632,
        type: 3}
      propertyPath: m_SizeDelta.y
      value: 30
      objectReference: {fileID: 0}
    - target: {fileID: 1352406503938289689, guid: 8bc733b899739f94a868f5f67aace632,
        type: 3}
      propertyPath: m_AnchorMin.x
      value: 0.5
      objectReference: {fileID: 0}
    - target: {fileID: 1352406503938289689, guid: 8bc733b899739f94a868f5f67aace632,
        type: 3}
      propertyPath: m_AnchorMin.y
      value: 0.5
      objectReference: {fileID: 0}
    - target: {fileID: 1352406503938289689, guid: 8bc733b899739f94a868f5f67aace632,
        type: 3}
      propertyPath: m_AnchorMax.x
      value: 0.5
      objectReference: {fileID: 0}
    - target: {fileID: 1352406503938289689, guid: 8bc733b899739f94a868f5f67aace632,
        type: 3}
      propertyPath: m_AnchorMax.y
      value: 0.5
      objectReference: {fileID: 0}
    - target: {fileID: 1352406503938289689, guid: 8bc733b899739f94a868f5f67aace632,
        type: 3}
      propertyPath: m_Pivot.x
      value: 0.5
      objectReference: {fileID: 0}
    - target: {fileID: 1352406503938289689, guid: 8bc733b899739f94a868f5f67aace632,
        type: 3}
      propertyPath: m_Pivot.y
      value: 0.5
      objectReference: {fileID: 0}
    - target: {fileID: 3393409856444941444, guid: 8bc733b899739f94a868f5f67aace632,
        type: 3}
      propertyPath: m_Name
      value: modifier
      objectReference: {fileID: 0}
    - target: {fileID: 7604170081054669852, guid: 8bc733b899739f94a868f5f67aace632,
        type: 3}
      propertyPath: m_text
      value: +50%
      objectReference: {fileID: 0}
    m_RemovedComponents: []
  m_SourcePrefab: {fileID: 100100000, guid: 8bc733b899739f94a868f5f67aace632, type: 3}
--- !u!224 &1393692997335517194 stripped
RectTransform:
  m_CorrespondingSourceObject: {fileID: 1352406503938289689, guid: 8bc733b899739f94a868f5f67aace632,
    type: 3}
  m_PrefabInstance: {fileID: 113666315579389971}
  m_PrefabAsset: {fileID: 0}
--- !u!1001 &1208568582296996212
PrefabInstance:
  m_ObjectHideFlags: 0
  serializedVersion: 2
  m_Modification:
    m_TransformParent: {fileID: 653506855477307841}
    m_Modifications:
    - target: {fileID: 3160171847016606707, guid: ce02f9dd1adcbe241b6aa1cc105c25a2,
        type: 3}
      propertyPath: m_Name
      value: dice_s
      objectReference: {fileID: 0}
    - target: {fileID: 4435055696344859723, guid: ce02f9dd1adcbe241b6aa1cc105c25a2,
        type: 3}
      propertyPath: m_LocalPosition.x
      value: 0
      objectReference: {fileID: 0}
    - target: {fileID: 4435055696344859723, guid: ce02f9dd1adcbe241b6aa1cc105c25a2,
        type: 3}
      propertyPath: m_LocalPosition.y
      value: 0
      objectReference: {fileID: 0}
    - target: {fileID: 4435055696344859723, guid: ce02f9dd1adcbe241b6aa1cc105c25a2,
        type: 3}
      propertyPath: m_LocalPosition.z
      value: 0
      objectReference: {fileID: 0}
    - target: {fileID: 4435055696344859723, guid: ce02f9dd1adcbe241b6aa1cc105c25a2,
        type: 3}
      propertyPath: m_LocalRotation.x
      value: -0
      objectReference: {fileID: 0}
    - target: {fileID: 4435055696344859723, guid: ce02f9dd1adcbe241b6aa1cc105c25a2,
        type: 3}
      propertyPath: m_LocalRotation.y
      value: -0
      objectReference: {fileID: 0}
    - target: {fileID: 4435055696344859723, guid: ce02f9dd1adcbe241b6aa1cc105c25a2,
        type: 3}
      propertyPath: m_LocalRotation.z
      value: -0
      objectReference: {fileID: 0}
    - target: {fileID: 4435055696344859723, guid: ce02f9dd1adcbe241b6aa1cc105c25a2,
        type: 3}
      propertyPath: m_LocalRotation.w
      value: 1
      objectReference: {fileID: 0}
    - target: {fileID: 4435055696344859723, guid: ce02f9dd1adcbe241b6aa1cc105c25a2,
        type: 3}
      propertyPath: m_RootOrder
      value: 0
      objectReference: {fileID: 0}
    - target: {fileID: 4435055696344859723, guid: ce02f9dd1adcbe241b6aa1cc105c25a2,
        type: 3}
      propertyPath: m_LocalEulerAnglesHint.x
      value: 0
      objectReference: {fileID: 0}
    - target: {fileID: 4435055696344859723, guid: ce02f9dd1adcbe241b6aa1cc105c25a2,
        type: 3}
      propertyPath: m_LocalEulerAnglesHint.y
      value: 0
      objectReference: {fileID: 0}
    - target: {fileID: 4435055696344859723, guid: ce02f9dd1adcbe241b6aa1cc105c25a2,
        type: 3}
      propertyPath: m_LocalEulerAnglesHint.z
      value: 0
      objectReference: {fileID: 0}
    - target: {fileID: 4435055696344859723, guid: ce02f9dd1adcbe241b6aa1cc105c25a2,
        type: 3}
      propertyPath: m_AnchoredPosition.x
      value: 0
      objectReference: {fileID: 0}
    - target: {fileID: 4435055696344859723, guid: ce02f9dd1adcbe241b6aa1cc105c25a2,
        type: 3}
      propertyPath: m_AnchoredPosition.y
      value: 0
      objectReference: {fileID: 0}
    - target: {fileID: 4435055696344859723, guid: ce02f9dd1adcbe241b6aa1cc105c25a2,
        type: 3}
      propertyPath: m_SizeDelta.x
      value: 16
      objectReference: {fileID: 0}
    - target: {fileID: 4435055696344859723, guid: ce02f9dd1adcbe241b6aa1cc105c25a2,
        type: 3}
      propertyPath: m_SizeDelta.y
      value: 16
      objectReference: {fileID: 0}
    - target: {fileID: 4435055696344859723, guid: ce02f9dd1adcbe241b6aa1cc105c25a2,
        type: 3}
      propertyPath: m_AnchorMin.x
      value: 0.5
      objectReference: {fileID: 0}
    - target: {fileID: 4435055696344859723, guid: ce02f9dd1adcbe241b6aa1cc105c25a2,
        type: 3}
      propertyPath: m_AnchorMin.y
      value: 0.5
      objectReference: {fileID: 0}
    - target: {fileID: 4435055696344859723, guid: ce02f9dd1adcbe241b6aa1cc105c25a2,
        type: 3}
      propertyPath: m_AnchorMax.x
      value: 0.5
      objectReference: {fileID: 0}
    - target: {fileID: 4435055696344859723, guid: ce02f9dd1adcbe241b6aa1cc105c25a2,
        type: 3}
      propertyPath: m_AnchorMax.y
      value: 0.5
      objectReference: {fileID: 0}
    - target: {fileID: 4435055696344859723, guid: ce02f9dd1adcbe241b6aa1cc105c25a2,
        type: 3}
      propertyPath: m_Pivot.x
      value: 0.5
      objectReference: {fileID: 0}
    - target: {fileID: 4435055696344859723, guid: ce02f9dd1adcbe241b6aa1cc105c25a2,
        type: 3}
      propertyPath: m_Pivot.y
      value: 0.5
      objectReference: {fileID: 0}
    - target: {fileID: 8147251131053621810, guid: ce02f9dd1adcbe241b6aa1cc105c25a2,
        type: 3}
      propertyPath: m_Color.a
      value: 0.29803923
      objectReference: {fileID: 0}
    m_RemovedComponents: []
  m_SourcePrefab: {fileID: 100100000, guid: ce02f9dd1adcbe241b6aa1cc105c25a2, type: 3}
--- !u!1001 &1408645930879178629
PrefabInstance:
  m_ObjectHideFlags: 0
  serializedVersion: 2
  m_Modification:
    m_TransformParent: {fileID: 3872374590183840318}
    m_Modifications:
    - target: {fileID: 3160171847016606707, guid: ce02f9dd1adcbe241b6aa1cc105c25a2,
        type: 3}
      propertyPath: m_Name
      value: dice_s
      objectReference: {fileID: 0}
    - target: {fileID: 4435055696344859723, guid: ce02f9dd1adcbe241b6aa1cc105c25a2,
        type: 3}
      propertyPath: m_LocalPosition.x
      value: 0
      objectReference: {fileID: 0}
    - target: {fileID: 4435055696344859723, guid: ce02f9dd1adcbe241b6aa1cc105c25a2,
        type: 3}
      propertyPath: m_LocalPosition.y
      value: 0
      objectReference: {fileID: 0}
    - target: {fileID: 4435055696344859723, guid: ce02f9dd1adcbe241b6aa1cc105c25a2,
        type: 3}
      propertyPath: m_LocalPosition.z
      value: 0
      objectReference: {fileID: 0}
    - target: {fileID: 4435055696344859723, guid: ce02f9dd1adcbe241b6aa1cc105c25a2,
        type: 3}
      propertyPath: m_LocalRotation.x
      value: -0
      objectReference: {fileID: 0}
    - target: {fileID: 4435055696344859723, guid: ce02f9dd1adcbe241b6aa1cc105c25a2,
        type: 3}
      propertyPath: m_LocalRotation.y
      value: -0
      objectReference: {fileID: 0}
    - target: {fileID: 4435055696344859723, guid: ce02f9dd1adcbe241b6aa1cc105c25a2,
        type: 3}
      propertyPath: m_LocalRotation.z
      value: -0
      objectReference: {fileID: 0}
    - target: {fileID: 4435055696344859723, guid: ce02f9dd1adcbe241b6aa1cc105c25a2,
        type: 3}
      propertyPath: m_LocalRotation.w
      value: 1
      objectReference: {fileID: 0}
    - target: {fileID: 4435055696344859723, guid: ce02f9dd1adcbe241b6aa1cc105c25a2,
        type: 3}
      propertyPath: m_RootOrder
      value: 0
      objectReference: {fileID: 0}
    - target: {fileID: 4435055696344859723, guid: ce02f9dd1adcbe241b6aa1cc105c25a2,
        type: 3}
      propertyPath: m_LocalEulerAnglesHint.x
      value: 0
      objectReference: {fileID: 0}
    - target: {fileID: 4435055696344859723, guid: ce02f9dd1adcbe241b6aa1cc105c25a2,
        type: 3}
      propertyPath: m_LocalEulerAnglesHint.y
      value: 0
      objectReference: {fileID: 0}
    - target: {fileID: 4435055696344859723, guid: ce02f9dd1adcbe241b6aa1cc105c25a2,
        type: 3}
      propertyPath: m_LocalEulerAnglesHint.z
      value: 0
      objectReference: {fileID: 0}
    - target: {fileID: 4435055696344859723, guid: ce02f9dd1adcbe241b6aa1cc105c25a2,
        type: 3}
      propertyPath: m_AnchoredPosition.x
      value: 0
      objectReference: {fileID: 0}
    - target: {fileID: 4435055696344859723, guid: ce02f9dd1adcbe241b6aa1cc105c25a2,
        type: 3}
      propertyPath: m_AnchoredPosition.y
      value: 0
      objectReference: {fileID: 0}
    - target: {fileID: 4435055696344859723, guid: ce02f9dd1adcbe241b6aa1cc105c25a2,
        type: 3}
      propertyPath: m_SizeDelta.x
      value: 16
      objectReference: {fileID: 0}
    - target: {fileID: 4435055696344859723, guid: ce02f9dd1adcbe241b6aa1cc105c25a2,
        type: 3}
      propertyPath: m_SizeDelta.y
      value: 16
      objectReference: {fileID: 0}
    - target: {fileID: 4435055696344859723, guid: ce02f9dd1adcbe241b6aa1cc105c25a2,
        type: 3}
      propertyPath: m_AnchorMin.x
      value: 0.5
      objectReference: {fileID: 0}
    - target: {fileID: 4435055696344859723, guid: ce02f9dd1adcbe241b6aa1cc105c25a2,
        type: 3}
      propertyPath: m_AnchorMin.y
      value: 0.5
      objectReference: {fileID: 0}
    - target: {fileID: 4435055696344859723, guid: ce02f9dd1adcbe241b6aa1cc105c25a2,
        type: 3}
      propertyPath: m_AnchorMax.x
      value: 0.5
      objectReference: {fileID: 0}
    - target: {fileID: 4435055696344859723, guid: ce02f9dd1adcbe241b6aa1cc105c25a2,
        type: 3}
      propertyPath: m_AnchorMax.y
      value: 0.5
      objectReference: {fileID: 0}
    - target: {fileID: 4435055696344859723, guid: ce02f9dd1adcbe241b6aa1cc105c25a2,
        type: 3}
      propertyPath: m_Pivot.x
      value: 0.5
      objectReference: {fileID: 0}
    - target: {fileID: 4435055696344859723, guid: ce02f9dd1adcbe241b6aa1cc105c25a2,
        type: 3}
      propertyPath: m_Pivot.y
      value: 0.5
      objectReference: {fileID: 0}
    - target: {fileID: 8147251131053621810, guid: ce02f9dd1adcbe241b6aa1cc105c25a2,
        type: 3}
      propertyPath: m_Color.a
      value: 0.29803923
      objectReference: {fileID: 0}
    m_RemovedComponents: []
  m_SourcePrefab: {fileID: 100100000, guid: ce02f9dd1adcbe241b6aa1cc105c25a2, type: 3}
--- !u!1001 &2374977285979355400
PrefabInstance:
  m_ObjectHideFlags: 0
  serializedVersion: 2
  m_Modification:
    m_TransformParent: {fileID: 1126191702512793830}
    m_Modifications:
    - target: {fileID: 3160171847016606707, guid: ce02f9dd1adcbe241b6aa1cc105c25a2,
        type: 3}
      propertyPath: m_Name
      value: dice_s
      objectReference: {fileID: 0}
    - target: {fileID: 4435055696344859723, guid: ce02f9dd1adcbe241b6aa1cc105c25a2,
        type: 3}
      propertyPath: m_LocalPosition.x
      value: 0
      objectReference: {fileID: 0}
    - target: {fileID: 4435055696344859723, guid: ce02f9dd1adcbe241b6aa1cc105c25a2,
        type: 3}
      propertyPath: m_LocalPosition.y
      value: 0
      objectReference: {fileID: 0}
    - target: {fileID: 4435055696344859723, guid: ce02f9dd1adcbe241b6aa1cc105c25a2,
        type: 3}
      propertyPath: m_LocalPosition.z
      value: 0
      objectReference: {fileID: 0}
    - target: {fileID: 4435055696344859723, guid: ce02f9dd1adcbe241b6aa1cc105c25a2,
        type: 3}
      propertyPath: m_LocalRotation.x
      value: -0
      objectReference: {fileID: 0}
    - target: {fileID: 4435055696344859723, guid: ce02f9dd1adcbe241b6aa1cc105c25a2,
        type: 3}
      propertyPath: m_LocalRotation.y
      value: -0
      objectReference: {fileID: 0}
    - target: {fileID: 4435055696344859723, guid: ce02f9dd1adcbe241b6aa1cc105c25a2,
        type: 3}
      propertyPath: m_LocalRotation.z
      value: -0
      objectReference: {fileID: 0}
    - target: {fileID: 4435055696344859723, guid: ce02f9dd1adcbe241b6aa1cc105c25a2,
        type: 3}
      propertyPath: m_LocalRotation.w
      value: 1
      objectReference: {fileID: 0}
    - target: {fileID: 4435055696344859723, guid: ce02f9dd1adcbe241b6aa1cc105c25a2,
        type: 3}
      propertyPath: m_RootOrder
      value: 0
      objectReference: {fileID: 0}
    - target: {fileID: 4435055696344859723, guid: ce02f9dd1adcbe241b6aa1cc105c25a2,
        type: 3}
      propertyPath: m_LocalEulerAnglesHint.x
      value: 0
      objectReference: {fileID: 0}
    - target: {fileID: 4435055696344859723, guid: ce02f9dd1adcbe241b6aa1cc105c25a2,
        type: 3}
      propertyPath: m_LocalEulerAnglesHint.y
      value: 0
      objectReference: {fileID: 0}
    - target: {fileID: 4435055696344859723, guid: ce02f9dd1adcbe241b6aa1cc105c25a2,
        type: 3}
      propertyPath: m_LocalEulerAnglesHint.z
      value: 0
      objectReference: {fileID: 0}
    - target: {fileID: 4435055696344859723, guid: ce02f9dd1adcbe241b6aa1cc105c25a2,
        type: 3}
      propertyPath: m_AnchoredPosition.x
      value: 0
      objectReference: {fileID: 0}
    - target: {fileID: 4435055696344859723, guid: ce02f9dd1adcbe241b6aa1cc105c25a2,
        type: 3}
      propertyPath: m_AnchoredPosition.y
      value: 0
      objectReference: {fileID: 0}
    - target: {fileID: 4435055696344859723, guid: ce02f9dd1adcbe241b6aa1cc105c25a2,
        type: 3}
      propertyPath: m_SizeDelta.x
      value: 16
      objectReference: {fileID: 0}
    - target: {fileID: 4435055696344859723, guid: ce02f9dd1adcbe241b6aa1cc105c25a2,
        type: 3}
      propertyPath: m_SizeDelta.y
      value: 16
      objectReference: {fileID: 0}
    - target: {fileID: 4435055696344859723, guid: ce02f9dd1adcbe241b6aa1cc105c25a2,
        type: 3}
      propertyPath: m_AnchorMin.x
      value: 0.5
      objectReference: {fileID: 0}
    - target: {fileID: 4435055696344859723, guid: ce02f9dd1adcbe241b6aa1cc105c25a2,
        type: 3}
      propertyPath: m_AnchorMin.y
      value: 0.5
      objectReference: {fileID: 0}
    - target: {fileID: 4435055696344859723, guid: ce02f9dd1adcbe241b6aa1cc105c25a2,
        type: 3}
      propertyPath: m_AnchorMax.x
      value: 0.5
      objectReference: {fileID: 0}
    - target: {fileID: 4435055696344859723, guid: ce02f9dd1adcbe241b6aa1cc105c25a2,
        type: 3}
      propertyPath: m_AnchorMax.y
      value: 0.5
      objectReference: {fileID: 0}
    - target: {fileID: 4435055696344859723, guid: ce02f9dd1adcbe241b6aa1cc105c25a2,
        type: 3}
      propertyPath: m_Pivot.x
      value: 0.5
      objectReference: {fileID: 0}
    - target: {fileID: 4435055696344859723, guid: ce02f9dd1adcbe241b6aa1cc105c25a2,
        type: 3}
      propertyPath: m_Pivot.y
      value: 0.5
      objectReference: {fileID: 0}
    - target: {fileID: 8147251131053621810, guid: ce02f9dd1adcbe241b6aa1cc105c25a2,
        type: 3}
      propertyPath: m_Color.a
      value: 0.29803923
      objectReference: {fileID: 0}
    m_RemovedComponents: []
  m_SourcePrefab: {fileID: 100100000, guid: ce02f9dd1adcbe241b6aa1cc105c25a2, type: 3}
--- !u!1001 &5282068792058385532
PrefabInstance:
  m_ObjectHideFlags: 0
  serializedVersion: 2
  m_Modification:
    m_TransformParent: {fileID: 3461300970149511979}
    m_Modifications:
    - target: {fileID: 1189638435302483016, guid: a24214dd88235b94b965fe986058e70d,
        type: 3}
      propertyPath: m_Name
      value: interactive_zone
      objectReference: {fileID: 0}
    - target: {fileID: 7241049320467676256, guid: a24214dd88235b94b965fe986058e70d,
        type: 3}
      propertyPath: m_LocalPosition.x
      value: 0
      objectReference: {fileID: 0}
    - target: {fileID: 7241049320467676256, guid: a24214dd88235b94b965fe986058e70d,
        type: 3}
      propertyPath: m_LocalPosition.y
      value: 0
      objectReference: {fileID: 0}
    - target: {fileID: 7241049320467676256, guid: a24214dd88235b94b965fe986058e70d,
        type: 3}
      propertyPath: m_LocalPosition.z
      value: 0
      objectReference: {fileID: 0}
    - target: {fileID: 7241049320467676256, guid: a24214dd88235b94b965fe986058e70d,
        type: 3}
      propertyPath: m_LocalRotation.x
      value: 0
      objectReference: {fileID: 0}
    - target: {fileID: 7241049320467676256, guid: a24214dd88235b94b965fe986058e70d,
        type: 3}
      propertyPath: m_LocalRotation.y
      value: 0
      objectReference: {fileID: 0}
    - target: {fileID: 7241049320467676256, guid: a24214dd88235b94b965fe986058e70d,
        type: 3}
      propertyPath: m_LocalRotation.z
      value: 0
      objectReference: {fileID: 0}
    - target: {fileID: 7241049320467676256, guid: a24214dd88235b94b965fe986058e70d,
        type: 3}
      propertyPath: m_LocalRotation.w
      value: 1
      objectReference: {fileID: 0}
    - target: {fileID: 7241049320467676256, guid: a24214dd88235b94b965fe986058e70d,
        type: 3}
      propertyPath: m_RootOrder
      value: 0
      objectReference: {fileID: 0}
    - target: {fileID: 7241049320467676256, guid: a24214dd88235b94b965fe986058e70d,
        type: 3}
      propertyPath: m_LocalEulerAnglesHint.x
      value: 0
      objectReference: {fileID: 0}
    - target: {fileID: 7241049320467676256, guid: a24214dd88235b94b965fe986058e70d,
        type: 3}
      propertyPath: m_LocalEulerAnglesHint.y
      value: 0
      objectReference: {fileID: 0}
    - target: {fileID: 7241049320467676256, guid: a24214dd88235b94b965fe986058e70d,
        type: 3}
      propertyPath: m_LocalEulerAnglesHint.z
      value: 0
      objectReference: {fileID: 0}
    - target: {fileID: 7241049320467676256, guid: a24214dd88235b94b965fe986058e70d,
        type: 3}
      propertyPath: m_AnchoredPosition.x
      value: 0
      objectReference: {fileID: 0}
    - target: {fileID: 7241049320467676256, guid: a24214dd88235b94b965fe986058e70d,
        type: 3}
      propertyPath: m_AnchoredPosition.y
      value: 0
      objectReference: {fileID: 0}
    - target: {fileID: 7241049320467676256, guid: a24214dd88235b94b965fe986058e70d,
        type: 3}
      propertyPath: m_SizeDelta.x
      value: 0
      objectReference: {fileID: 0}
    - target: {fileID: 7241049320467676256, guid: a24214dd88235b94b965fe986058e70d,
        type: 3}
      propertyPath: m_SizeDelta.y
      value: 0
      objectReference: {fileID: 0}
    - target: {fileID: 7241049320467676256, guid: a24214dd88235b94b965fe986058e70d,
        type: 3}
      propertyPath: m_AnchorMin.x
      value: 0
      objectReference: {fileID: 0}
    - target: {fileID: 7241049320467676256, guid: a24214dd88235b94b965fe986058e70d,
        type: 3}
      propertyPath: m_AnchorMin.y
      value: 0
      objectReference: {fileID: 0}
    - target: {fileID: 7241049320467676256, guid: a24214dd88235b94b965fe986058e70d,
        type: 3}
      propertyPath: m_AnchorMax.x
      value: 1
      objectReference: {fileID: 0}
    - target: {fileID: 7241049320467676256, guid: a24214dd88235b94b965fe986058e70d,
        type: 3}
      propertyPath: m_AnchorMax.y
      value: 1
      objectReference: {fileID: 0}
    - target: {fileID: 7241049320467676256, guid: a24214dd88235b94b965fe986058e70d,
        type: 3}
      propertyPath: m_Pivot.x
      value: 0.5
      objectReference: {fileID: 0}
    - target: {fileID: 7241049320467676256, guid: a24214dd88235b94b965fe986058e70d,
        type: 3}
      propertyPath: m_Pivot.y
      value: 0.5
      objectReference: {fileID: 0}
    m_RemovedComponents: []
  m_SourcePrefab: {fileID: 100100000, guid: a24214dd88235b94b965fe986058e70d, type: 3}
--- !u!224 &3256369070594730012 stripped
RectTransform:
  m_CorrespondingSourceObject: {fileID: 7241049320467676256, guid: a24214dd88235b94b965fe986058e70d,
    type: 3}
  m_PrefabInstance: {fileID: 5282068792058385532}
  m_PrefabAsset: {fileID: 0}
--- !u!1001 &5829043476283586263
PrefabInstance:
  m_ObjectHideFlags: 0
  serializedVersion: 2
  m_Modification:
    m_TransformParent: {fileID: 3811031847782258915}
    m_Modifications:
    - target: {fileID: 564633156056635504, guid: 452526de59a72924e85b61d4e4da88b2,
        type: 3}
      propertyPath: m_Name
      value: item 3
      objectReference: {fileID: 0}
    - target: {fileID: 1261763227906340808, guid: 452526de59a72924e85b61d4e4da88b2,
        type: 3}
      propertyPath: m_LocalPosition.x
      value: 0
      objectReference: {fileID: 0}
    - target: {fileID: 1261763227906340808, guid: 452526de59a72924e85b61d4e4da88b2,
        type: 3}
      propertyPath: m_LocalPosition.y
      value: 0
      objectReference: {fileID: 0}
    - target: {fileID: 1261763227906340808, guid: 452526de59a72924e85b61d4e4da88b2,
        type: 3}
      propertyPath: m_LocalPosition.z
      value: 0
      objectReference: {fileID: 0}
    - target: {fileID: 1261763227906340808, guid: 452526de59a72924e85b61d4e4da88b2,
        type: 3}
      propertyPath: m_LocalRotation.x
      value: -0
      objectReference: {fileID: 0}
    - target: {fileID: 1261763227906340808, guid: 452526de59a72924e85b61d4e4da88b2,
        type: 3}
      propertyPath: m_LocalRotation.y
      value: -0
      objectReference: {fileID: 0}
    - target: {fileID: 1261763227906340808, guid: 452526de59a72924e85b61d4e4da88b2,
        type: 3}
      propertyPath: m_LocalRotation.z
      value: -0
      objectReference: {fileID: 0}
    - target: {fileID: 1261763227906340808, guid: 452526de59a72924e85b61d4e4da88b2,
        type: 3}
      propertyPath: m_LocalRotation.w
      value: 1
      objectReference: {fileID: 0}
    - target: {fileID: 1261763227906340808, guid: 452526de59a72924e85b61d4e4da88b2,
        type: 3}
      propertyPath: m_RootOrder
      value: 2
      objectReference: {fileID: 0}
    - target: {fileID: 1261763227906340808, guid: 452526de59a72924e85b61d4e4da88b2,
        type: 3}
      propertyPath: m_LocalEulerAnglesHint.x
      value: 0
      objectReference: {fileID: 0}
    - target: {fileID: 1261763227906340808, guid: 452526de59a72924e85b61d4e4da88b2,
        type: 3}
      propertyPath: m_LocalEulerAnglesHint.y
      value: 0
      objectReference: {fileID: 0}
    - target: {fileID: 1261763227906340808, guid: 452526de59a72924e85b61d4e4da88b2,
        type: 3}
      propertyPath: m_LocalEulerAnglesHint.z
      value: 0
      objectReference: {fileID: 0}
    - target: {fileID: 1261763227906340808, guid: 452526de59a72924e85b61d4e4da88b2,
        type: 3}
      propertyPath: m_AnchoredPosition.x
      value: 0
      objectReference: {fileID: 0}
    - target: {fileID: 1261763227906340808, guid: 452526de59a72924e85b61d4e4da88b2,
        type: 3}
      propertyPath: m_AnchoredPosition.y
      value: 0
      objectReference: {fileID: 0}
    - target: {fileID: 1261763227906340808, guid: 452526de59a72924e85b61d4e4da88b2,
        type: 3}
      propertyPath: m_SizeDelta.x
      value: 50
      objectReference: {fileID: 0}
    - target: {fileID: 1261763227906340808, guid: 452526de59a72924e85b61d4e4da88b2,
        type: 3}
      propertyPath: m_SizeDelta.y
      value: 50
      objectReference: {fileID: 0}
    - target: {fileID: 1261763227906340808, guid: 452526de59a72924e85b61d4e4da88b2,
        type: 3}
      propertyPath: m_AnchorMin.x
      value: 0
      objectReference: {fileID: 0}
    - target: {fileID: 1261763227906340808, guid: 452526de59a72924e85b61d4e4da88b2,
        type: 3}
      propertyPath: m_AnchorMin.y
      value: 0
      objectReference: {fileID: 0}
    - target: {fileID: 1261763227906340808, guid: 452526de59a72924e85b61d4e4da88b2,
        type: 3}
      propertyPath: m_AnchorMax.x
      value: 0
      objectReference: {fileID: 0}
    - target: {fileID: 1261763227906340808, guid: 452526de59a72924e85b61d4e4da88b2,
        type: 3}
      propertyPath: m_AnchorMax.y
      value: 0
      objectReference: {fileID: 0}
    - target: {fileID: 1261763227906340808, guid: 452526de59a72924e85b61d4e4da88b2,
        type: 3}
      propertyPath: m_Pivot.x
      value: 0.5
      objectReference: {fileID: 0}
    - target: {fileID: 1261763227906340808, guid: 452526de59a72924e85b61d4e4da88b2,
        type: 3}
      propertyPath: m_Pivot.y
      value: 0.5
      objectReference: {fileID: 0}
    m_RemovedComponents: []
  m_SourcePrefab: {fileID: 100100000, guid: 452526de59a72924e85b61d4e4da88b2, type: 3}
--- !u!224 &4712527521314308383 stripped
RectTransform:
  m_CorrespondingSourceObject: {fileID: 1261763227906340808, guid: 452526de59a72924e85b61d4e4da88b2,
    type: 3}
  m_PrefabInstance: {fileID: 5829043476283586263}
  m_PrefabAsset: {fileID: 0}
--- !u!114 &6765565330380968442 stripped
MonoBehaviour:
  m_CorrespondingSourceObject: {fileID: 937014782668482349, guid: 452526de59a72924e85b61d4e4da88b2,
    type: 3}
  m_PrefabInstance: {fileID: 5829043476283586263}
  m_PrefabAsset: {fileID: 0}
  m_GameObject: {fileID: 0}
  m_Enabled: 1
  m_EditorHideFlags: 0
  m_Script: {fileID: 11500000, guid: 26e90f77ee710af4583d4be5b89020a2, type: 3}
  m_Name: 
  m_EditorClassIdentifier: 
--- !u!224 &3872374590183840318 stripped
RectTransform:
  m_CorrespondingSourceObject: {fileID: 7303039812642598121, guid: 452526de59a72924e85b61d4e4da88b2,
    type: 3}
  m_PrefabInstance: {fileID: 5829043476283586263}
  m_PrefabAsset: {fileID: 0}
--- !u!1001 &6196307664876329775
PrefabInstance:
  m_ObjectHideFlags: 0
  serializedVersion: 2
  m_Modification:
    m_TransformParent: {fileID: 3461300970149511979}
    m_Modifications:
    - target: {fileID: 6617499737362359904, guid: 7bfe2ef0984dc6644b5924cb40d684b9,
        type: 3}
      propertyPath: m_Name
      value: chance
      objectReference: {fileID: 0}
    - target: {fileID: 6617499737362359904, guid: 7bfe2ef0984dc6644b5924cb40d684b9,
        type: 3}
      propertyPath: m_IsActive
      value: 0
      objectReference: {fileID: 0}
    - target: {fileID: 6617499737362359905, guid: 7bfe2ef0984dc6644b5924cb40d684b9,
        type: 3}
      propertyPath: m_LocalPosition.x
      value: 0
      objectReference: {fileID: 0}
    - target: {fileID: 6617499737362359905, guid: 7bfe2ef0984dc6644b5924cb40d684b9,
        type: 3}
      propertyPath: m_LocalPosition.y
      value: 0
      objectReference: {fileID: 0}
    - target: {fileID: 6617499737362359905, guid: 7bfe2ef0984dc6644b5924cb40d684b9,
        type: 3}
      propertyPath: m_LocalPosition.z
      value: 0
      objectReference: {fileID: 0}
    - target: {fileID: 6617499737362359905, guid: 7bfe2ef0984dc6644b5924cb40d684b9,
        type: 3}
      propertyPath: m_LocalRotation.x
      value: 0
      objectReference: {fileID: 0}
    - target: {fileID: 6617499737362359905, guid: 7bfe2ef0984dc6644b5924cb40d684b9,
        type: 3}
      propertyPath: m_LocalRotation.y
      value: 0
      objectReference: {fileID: 0}
    - target: {fileID: 6617499737362359905, guid: 7bfe2ef0984dc6644b5924cb40d684b9,
        type: 3}
      propertyPath: m_LocalRotation.z
      value: 0
      objectReference: {fileID: 0}
    - target: {fileID: 6617499737362359905, guid: 7bfe2ef0984dc6644b5924cb40d684b9,
        type: 3}
      propertyPath: m_LocalRotation.w
      value: 1
      objectReference: {fileID: 0}
    - target: {fileID: 6617499737362359905, guid: 7bfe2ef0984dc6644b5924cb40d684b9,
        type: 3}
      propertyPath: m_RootOrder
      value: 4
      objectReference: {fileID: 0}
    - target: {fileID: 6617499737362359905, guid: 7bfe2ef0984dc6644b5924cb40d684b9,
        type: 3}
      propertyPath: m_LocalEulerAnglesHint.x
      value: 0
      objectReference: {fileID: 0}
    - target: {fileID: 6617499737362359905, guid: 7bfe2ef0984dc6644b5924cb40d684b9,
        type: 3}
      propertyPath: m_LocalEulerAnglesHint.y
      value: 0
      objectReference: {fileID: 0}
    - target: {fileID: 6617499737362359905, guid: 7bfe2ef0984dc6644b5924cb40d684b9,
        type: 3}
      propertyPath: m_LocalEulerAnglesHint.z
      value: 0
      objectReference: {fileID: 0}
    - target: {fileID: 6617499737362359905, guid: 7bfe2ef0984dc6644b5924cb40d684b9,
        type: 3}
      propertyPath: m_AnchoredPosition.x
      value: 0
      objectReference: {fileID: 0}
    - target: {fileID: 6617499737362359905, guid: 7bfe2ef0984dc6644b5924cb40d684b9,
        type: 3}
      propertyPath: m_AnchoredPosition.y
      value: -5
      objectReference: {fileID: 0}
    - target: {fileID: 6617499737362359905, guid: 7bfe2ef0984dc6644b5924cb40d684b9,
        type: 3}
      propertyPath: m_SizeDelta.x
      value: 100
      objectReference: {fileID: 0}
    - target: {fileID: 6617499737362359905, guid: 7bfe2ef0984dc6644b5924cb40d684b9,
        type: 3}
      propertyPath: m_SizeDelta.y
      value: 40
      objectReference: {fileID: 0}
    - target: {fileID: 6617499737362359905, guid: 7bfe2ef0984dc6644b5924cb40d684b9,
        type: 3}
      propertyPath: m_AnchorMin.x
      value: 0.5
      objectReference: {fileID: 0}
    - target: {fileID: 6617499737362359905, guid: 7bfe2ef0984dc6644b5924cb40d684b9,
        type: 3}
      propertyPath: m_AnchorMin.y
      value: 0
      objectReference: {fileID: 0}
    - target: {fileID: 6617499737362359905, guid: 7bfe2ef0984dc6644b5924cb40d684b9,
        type: 3}
      propertyPath: m_AnchorMax.x
      value: 0.5
      objectReference: {fileID: 0}
    - target: {fileID: 6617499737362359905, guid: 7bfe2ef0984dc6644b5924cb40d684b9,
        type: 3}
      propertyPath: m_AnchorMax.y
      value: 0
      objectReference: {fileID: 0}
    - target: {fileID: 6617499737362359905, guid: 7bfe2ef0984dc6644b5924cb40d684b9,
        type: 3}
      propertyPath: m_Pivot.x
      value: 0.5
      objectReference: {fileID: 0}
    - target: {fileID: 6617499737362359905, guid: 7bfe2ef0984dc6644b5924cb40d684b9,
        type: 3}
      propertyPath: m_Pivot.y
      value: 0
      objectReference: {fileID: 0}
    - target: {fileID: 6617499737362359906, guid: 7bfe2ef0984dc6644b5924cb40d684b9,
        type: 3}
      propertyPath: m_text
      value: +100%
      objectReference: {fileID: 0}
    m_RemovedComponents: []
  m_SourcePrefab: {fileID: 100100000, guid: 7bfe2ef0984dc6644b5924cb40d684b9, type: 3}
--- !u!224 &1021085726164565326 stripped
RectTransform:
  m_CorrespondingSourceObject: {fileID: 6617499737362359905, guid: 7bfe2ef0984dc6644b5924cb40d684b9,
    type: 3}
  m_PrefabInstance: {fileID: 6196307664876329775}
  m_PrefabAsset: {fileID: 0}
--- !u!114 &5758346902476937035 stripped
MonoBehaviour:
  m_CorrespondingSourceObject: {fileID: 1879255597252086884, guid: 7bfe2ef0984dc6644b5924cb40d684b9,
    type: 3}
  m_PrefabInstance: {fileID: 6196307664876329775}
  m_PrefabAsset: {fileID: 0}
  m_GameObject: {fileID: 0}
  m_Enabled: 1
  m_EditorHideFlags: 0
  m_Script: {fileID: 11500000, guid: 366e5fcf4374db04ca4e6b17b07f10b7, type: 3}
  m_Name: 
  m_EditorClassIdentifier: 
--- !u!1001 &7708075030992425999
PrefabInstance:
  m_ObjectHideFlags: 0
  serializedVersion: 2
  m_Modification:
    m_TransformParent: {fileID: 3811031847782258915}
    m_Modifications:
    - target: {fileID: 564633156056635504, guid: 452526de59a72924e85b61d4e4da88b2,
        type: 3}
      propertyPath: m_Name
      value: item 1
      objectReference: {fileID: 0}
    - target: {fileID: 1261763227906340808, guid: 452526de59a72924e85b61d4e4da88b2,
        type: 3}
      propertyPath: m_LocalPosition.x
      value: 0
      objectReference: {fileID: 0}
    - target: {fileID: 1261763227906340808, guid: 452526de59a72924e85b61d4e4da88b2,
        type: 3}
      propertyPath: m_LocalPosition.y
      value: 0
      objectReference: {fileID: 0}
    - target: {fileID: 1261763227906340808, guid: 452526de59a72924e85b61d4e4da88b2,
        type: 3}
      propertyPath: m_LocalPosition.z
      value: 0
      objectReference: {fileID: 0}
    - target: {fileID: 1261763227906340808, guid: 452526de59a72924e85b61d4e4da88b2,
        type: 3}
      propertyPath: m_LocalRotation.x
      value: -0
      objectReference: {fileID: 0}
    - target: {fileID: 1261763227906340808, guid: 452526de59a72924e85b61d4e4da88b2,
        type: 3}
      propertyPath: m_LocalRotation.y
      value: -0
      objectReference: {fileID: 0}
    - target: {fileID: 1261763227906340808, guid: 452526de59a72924e85b61d4e4da88b2,
        type: 3}
      propertyPath: m_LocalRotation.z
      value: -0
      objectReference: {fileID: 0}
    - target: {fileID: 1261763227906340808, guid: 452526de59a72924e85b61d4e4da88b2,
        type: 3}
      propertyPath: m_LocalRotation.w
      value: 1
      objectReference: {fileID: 0}
    - target: {fileID: 1261763227906340808, guid: 452526de59a72924e85b61d4e4da88b2,
        type: 3}
      propertyPath: m_RootOrder
      value: 0
      objectReference: {fileID: 0}
    - target: {fileID: 1261763227906340808, guid: 452526de59a72924e85b61d4e4da88b2,
        type: 3}
      propertyPath: m_LocalEulerAnglesHint.x
      value: 0
      objectReference: {fileID: 0}
    - target: {fileID: 1261763227906340808, guid: 452526de59a72924e85b61d4e4da88b2,
        type: 3}
      propertyPath: m_LocalEulerAnglesHint.y
      value: 0
      objectReference: {fileID: 0}
    - target: {fileID: 1261763227906340808, guid: 452526de59a72924e85b61d4e4da88b2,
        type: 3}
      propertyPath: m_LocalEulerAnglesHint.z
      value: 0
      objectReference: {fileID: 0}
    - target: {fileID: 1261763227906340808, guid: 452526de59a72924e85b61d4e4da88b2,
        type: 3}
      propertyPath: m_AnchoredPosition.x
      value: 0
      objectReference: {fileID: 0}
    - target: {fileID: 1261763227906340808, guid: 452526de59a72924e85b61d4e4da88b2,
        type: 3}
      propertyPath: m_AnchoredPosition.y
      value: 0
      objectReference: {fileID: 0}
    - target: {fileID: 1261763227906340808, guid: 452526de59a72924e85b61d4e4da88b2,
        type: 3}
      propertyPath: m_SizeDelta.x
      value: 50
      objectReference: {fileID: 0}
    - target: {fileID: 1261763227906340808, guid: 452526de59a72924e85b61d4e4da88b2,
        type: 3}
      propertyPath: m_SizeDelta.y
      value: 50
      objectReference: {fileID: 0}
    - target: {fileID: 1261763227906340808, guid: 452526de59a72924e85b61d4e4da88b2,
        type: 3}
      propertyPath: m_AnchorMin.x
      value: 0
      objectReference: {fileID: 0}
    - target: {fileID: 1261763227906340808, guid: 452526de59a72924e85b61d4e4da88b2,
        type: 3}
      propertyPath: m_AnchorMin.y
      value: 0
      objectReference: {fileID: 0}
    - target: {fileID: 1261763227906340808, guid: 452526de59a72924e85b61d4e4da88b2,
        type: 3}
      propertyPath: m_AnchorMax.x
      value: 0
      objectReference: {fileID: 0}
    - target: {fileID: 1261763227906340808, guid: 452526de59a72924e85b61d4e4da88b2,
        type: 3}
      propertyPath: m_AnchorMax.y
      value: 0
      objectReference: {fileID: 0}
    - target: {fileID: 1261763227906340808, guid: 452526de59a72924e85b61d4e4da88b2,
        type: 3}
      propertyPath: m_Pivot.x
      value: 0.5
      objectReference: {fileID: 0}
    - target: {fileID: 1261763227906340808, guid: 452526de59a72924e85b61d4e4da88b2,
        type: 3}
      propertyPath: m_Pivot.y
      value: 0.5
      objectReference: {fileID: 0}
    m_RemovedComponents: []
  m_SourcePrefab: {fileID: 100100000, guid: 452526de59a72924e85b61d4e4da88b2, type: 3}
--- !u!224 &8897489566607172551 stripped
RectTransform:
  m_CorrespondingSourceObject: {fileID: 1261763227906340808, guid: 452526de59a72924e85b61d4e4da88b2,
    type: 3}
  m_PrefabInstance: {fileID: 7708075030992425999}
  m_PrefabAsset: {fileID: 0}
--- !u!114 &7491848602288010018 stripped
MonoBehaviour:
  m_CorrespondingSourceObject: {fileID: 937014782668482349, guid: 452526de59a72924e85b61d4e4da88b2,
    type: 3}
  m_PrefabInstance: {fileID: 7708075030992425999}
  m_PrefabAsset: {fileID: 0}
  m_GameObject: {fileID: 0}
  m_Enabled: 1
  m_EditorHideFlags: 0
  m_Script: {fileID: 11500000, guid: 26e90f77ee710af4583d4be5b89020a2, type: 3}
  m_Name: 
  m_EditorClassIdentifier: 
--- !u!224 &1126191702512793830 stripped
RectTransform:
  m_CorrespondingSourceObject: {fileID: 7303039812642598121, guid: 452526de59a72924e85b61d4e4da88b2,
    type: 3}
  m_PrefabInstance: {fileID: 7708075030992425999}
  m_PrefabAsset: {fileID: 0}
--- !u!1001 &7802527044907631912
PrefabInstance:
  m_ObjectHideFlags: 0
  serializedVersion: 2
  m_Modification:
    m_TransformParent: {fileID: 3811031847782258915}
    m_Modifications:
    - target: {fileID: 564633156056635504, guid: 452526de59a72924e85b61d4e4da88b2,
        type: 3}
      propertyPath: m_Name
      value: item 2
      objectReference: {fileID: 0}
    - target: {fileID: 1261763227906340808, guid: 452526de59a72924e85b61d4e4da88b2,
        type: 3}
      propertyPath: m_LocalPosition.x
      value: 0
      objectReference: {fileID: 0}
    - target: {fileID: 1261763227906340808, guid: 452526de59a72924e85b61d4e4da88b2,
        type: 3}
      propertyPath: m_LocalPosition.y
      value: 0
      objectReference: {fileID: 0}
    - target: {fileID: 1261763227906340808, guid: 452526de59a72924e85b61d4e4da88b2,
        type: 3}
      propertyPath: m_LocalPosition.z
      value: 0
      objectReference: {fileID: 0}
    - target: {fileID: 1261763227906340808, guid: 452526de59a72924e85b61d4e4da88b2,
        type: 3}
      propertyPath: m_LocalRotation.x
      value: -0
      objectReference: {fileID: 0}
    - target: {fileID: 1261763227906340808, guid: 452526de59a72924e85b61d4e4da88b2,
        type: 3}
      propertyPath: m_LocalRotation.y
      value: -0
      objectReference: {fileID: 0}
    - target: {fileID: 1261763227906340808, guid: 452526de59a72924e85b61d4e4da88b2,
        type: 3}
      propertyPath: m_LocalRotation.z
      value: -0
      objectReference: {fileID: 0}
    - target: {fileID: 1261763227906340808, guid: 452526de59a72924e85b61d4e4da88b2,
        type: 3}
      propertyPath: m_LocalRotation.w
      value: 1
      objectReference: {fileID: 0}
    - target: {fileID: 1261763227906340808, guid: 452526de59a72924e85b61d4e4da88b2,
        type: 3}
      propertyPath: m_RootOrder
      value: 1
      objectReference: {fileID: 0}
    - target: {fileID: 1261763227906340808, guid: 452526de59a72924e85b61d4e4da88b2,
        type: 3}
      propertyPath: m_LocalEulerAnglesHint.x
      value: 0
      objectReference: {fileID: 0}
    - target: {fileID: 1261763227906340808, guid: 452526de59a72924e85b61d4e4da88b2,
        type: 3}
      propertyPath: m_LocalEulerAnglesHint.y
      value: 0
      objectReference: {fileID: 0}
    - target: {fileID: 1261763227906340808, guid: 452526de59a72924e85b61d4e4da88b2,
        type: 3}
      propertyPath: m_LocalEulerAnglesHint.z
      value: 0
      objectReference: {fileID: 0}
    - target: {fileID: 1261763227906340808, guid: 452526de59a72924e85b61d4e4da88b2,
        type: 3}
      propertyPath: m_AnchoredPosition.x
      value: 0
      objectReference: {fileID: 0}
    - target: {fileID: 1261763227906340808, guid: 452526de59a72924e85b61d4e4da88b2,
        type: 3}
      propertyPath: m_AnchoredPosition.y
      value: 0
      objectReference: {fileID: 0}
    - target: {fileID: 1261763227906340808, guid: 452526de59a72924e85b61d4e4da88b2,
        type: 3}
      propertyPath: m_SizeDelta.x
      value: 50
      objectReference: {fileID: 0}
    - target: {fileID: 1261763227906340808, guid: 452526de59a72924e85b61d4e4da88b2,
        type: 3}
      propertyPath: m_SizeDelta.y
      value: 50
      objectReference: {fileID: 0}
    - target: {fileID: 1261763227906340808, guid: 452526de59a72924e85b61d4e4da88b2,
        type: 3}
      propertyPath: m_AnchorMin.x
      value: 0
      objectReference: {fileID: 0}
    - target: {fileID: 1261763227906340808, guid: 452526de59a72924e85b61d4e4da88b2,
        type: 3}
      propertyPath: m_AnchorMin.y
      value: 0
      objectReference: {fileID: 0}
    - target: {fileID: 1261763227906340808, guid: 452526de59a72924e85b61d4e4da88b2,
        type: 3}
      propertyPath: m_AnchorMax.x
      value: 0
      objectReference: {fileID: 0}
    - target: {fileID: 1261763227906340808, guid: 452526de59a72924e85b61d4e4da88b2,
        type: 3}
      propertyPath: m_AnchorMax.y
      value: 0
      objectReference: {fileID: 0}
    - target: {fileID: 1261763227906340808, guid: 452526de59a72924e85b61d4e4da88b2,
        type: 3}
      propertyPath: m_Pivot.x
      value: 0.5
      objectReference: {fileID: 0}
    - target: {fileID: 1261763227906340808, guid: 452526de59a72924e85b61d4e4da88b2,
        type: 3}
      propertyPath: m_Pivot.y
      value: 0.5
      objectReference: {fileID: 0}
    m_RemovedComponents: []
  m_SourcePrefab: {fileID: 100100000, guid: 452526de59a72924e85b61d4e4da88b2, type: 3}
--- !u!224 &9064211103748780768 stripped
RectTransform:
  m_CorrespondingSourceObject: {fileID: 1261763227906340808, guid: 452526de59a72924e85b61d4e4da88b2,
    type: 3}
  m_PrefabInstance: {fileID: 7802527044907631912}
  m_PrefabAsset: {fileID: 0}
--- !u!114 &7010086994640871941 stripped
MonoBehaviour:
  m_CorrespondingSourceObject: {fileID: 937014782668482349, guid: 452526de59a72924e85b61d4e4da88b2,
    type: 3}
  m_PrefabInstance: {fileID: 7802527044907631912}
  m_PrefabAsset: {fileID: 0}
  m_GameObject: {fileID: 0}
  m_Enabled: 1
  m_EditorHideFlags: 0
  m_Script: {fileID: 11500000, guid: 26e90f77ee710af4583d4be5b89020a2, type: 3}
  m_Name: 
  m_EditorClassIdentifier: 
--- !u!224 &653506855477307841 stripped
RectTransform:
  m_CorrespondingSourceObject: {fileID: 7303039812642598121, guid: 452526de59a72924e85b61d4e4da88b2,
    type: 3}
  m_PrefabInstance: {fileID: 7802527044907631912}
  m_PrefabAsset: {fileID: 0}
