%YAML 1.1
%TAG !u! tag:unity3d.com,2011:
--- !u!1 &372909823534651607
GameObject:
  m_ObjectHideFlags: 0
  m_CorrespondingSourceObject: {fileID: 0}
  m_PrefabInstance: {fileID: 0}
  m_PrefabAsset: {fileID: 0}
  serializedVersion: 6
  m_Component:
  - component: {fileID: 1012886852389726659}
  m_Layer: 5
  m_Name: content_unlock_group
  m_TagString: Untagged
  m_Icon: {fileID: 0}
  m_NavMeshLayer: 0
  m_StaticEditorFlags: 0
  m_IsActive: 1
--- !u!224 &1012886852389726659
RectTransform:
  m_ObjectHideFlags: 0
  m_CorrespondingSourceObject: {fileID: 0}
  m_PrefabInstance: {fileID: 0}
  m_PrefabAsset: {fileID: 0}
  m_GameObject: {fileID: 372909823534651607}
  m_LocalRotation: {x: 0, y: 0, z: 0, w: 1}
  m_LocalPosition: {x: 0, y: 0, z: 0}
  m_LocalScale: {x: 1, y: 1, z: 1}
  m_Children:
  - {fileID: 8622271345787225902}
  - {fileID: 6121702235847193226}
  - {fileID: 2109395413177838558}
  m_Father: {fileID: 8003561869114124408}
  m_RootOrder: 2
  m_LocalEulerAnglesHint: {x: 0, y: 0, z: 0}
  m_AnchorMin: {x: 0, y: 1}
  m_AnchorMax: {x: 1, y: 1}
  m_AnchoredPosition: {x: 0, y: -5}
  m_SizeDelta: {x: 0, y: 140}
  m_Pivot: {x: 0.5, y: 1}
--- !u!1 &8514025809802644902
GameObject:
  m_ObjectHideFlags: 0
  m_CorrespondingSourceObject: {fileID: 0}
  m_PrefabInstance: {fileID: 0}
  m_PrefabAsset: {fileID: 0}
  serializedVersion: 6
  m_Component:
  - component: {fileID: 8003561869114124408}
  - component: {fileID: 8723140941818917649}
  m_Layer: 5
  m_Name: meter_group_s
  m_TagString: Untagged
  m_Icon: {fileID: 0}
  m_NavMeshLayer: 0
  m_StaticEditorFlags: 0
  m_IsActive: 1
--- !u!224 &8003561869114124408
RectTransform:
  m_ObjectHideFlags: 0
  m_CorrespondingSourceObject: {fileID: 0}
  m_PrefabInstance: {fileID: 0}
  m_PrefabAsset: {fileID: 0}
  m_GameObject: {fileID: 8514025809802644902}
  m_LocalRotation: {x: 0, y: 0, z: 0, w: 1}
  m_LocalPosition: {x: 0, y: 0, z: 0}
  m_LocalScale: {x: 1, y: 1, z: 1}
  m_Children:
  - {fileID: 8189654296731344311}
  - {fileID: 7104894290421187591}
  - {fileID: 1012886852389726659}
  m_Father: {fileID: 0}
  m_RootOrder: 0
  m_LocalEulerAnglesHint: {x: 0, y: 0, z: 0}
  m_AnchorMin: {x: 0, y: 1}
  m_AnchorMax: {x: 0, y: 1}
  m_AnchoredPosition: {x: 500, y: 0}
  m_SizeDelta: {x: 260, y: 170}
  m_Pivot: {x: 0.5, y: 0}
--- !u!114 &8723140941818917649
MonoBehaviour:
  m_ObjectHideFlags: 0
  m_CorrespondingSourceObject: {fileID: 0}
  m_PrefabInstance: {fileID: 0}
  m_PrefabAsset: {fileID: 0}
  m_GameObject: {fileID: 8514025809802644902}
  m_Enabled: 1
  m_EditorHideFlags: 0
  m_Script: {fileID: 11500000, guid: c7f86ab8c74ab844595d8bb8e6ca3205, type: 3}
  m_Name: 
  m_EditorClassIdentifier: 
  art: {fileID: 7722029701561194443}
  title: {fileID: 8255675328324619083}
  xp_req: {fileID: 8802027228013739617}
--- !u!1001 &1158259120501800067
PrefabInstance:
  m_ObjectHideFlags: 0
  serializedVersion: 2
  m_Modification:
    m_TransformParent: {fileID: 1012886852389726659}
    m_Modifications:
    - target: {fileID: 960644938290173789, guid: a5b9d851713055842b2f3bcd11891662,
        type: 3}
      propertyPath: m_LocalPosition.x
      value: 0
      objectReference: {fileID: 0}
    - target: {fileID: 960644938290173789, guid: a5b9d851713055842b2f3bcd11891662,
        type: 3}
      propertyPath: m_LocalPosition.y
      value: 0
      objectReference: {fileID: 0}
    - target: {fileID: 960644938290173789, guid: a5b9d851713055842b2f3bcd11891662,
        type: 3}
      propertyPath: m_LocalPosition.z
      value: 0
      objectReference: {fileID: 0}
    - target: {fileID: 960644938290173789, guid: a5b9d851713055842b2f3bcd11891662,
        type: 3}
      propertyPath: m_LocalRotation.x
      value: 0
      objectReference: {fileID: 0}
    - target: {fileID: 960644938290173789, guid: a5b9d851713055842b2f3bcd11891662,
        type: 3}
      propertyPath: m_LocalRotation.y
      value: 0
      objectReference: {fileID: 0}
    - target: {fileID: 960644938290173789, guid: a5b9d851713055842b2f3bcd11891662,
        type: 3}
      propertyPath: m_LocalRotation.z
      value: 0
      objectReference: {fileID: 0}
    - target: {fileID: 960644938290173789, guid: a5b9d851713055842b2f3bcd11891662,
        type: 3}
      propertyPath: m_LocalRotation.w
      value: 1
      objectReference: {fileID: 0}
    - target: {fileID: 960644938290173789, guid: a5b9d851713055842b2f3bcd11891662,
        type: 3}
      propertyPath: m_RootOrder
      value: 2
      objectReference: {fileID: 0}
    - target: {fileID: 960644938290173789, guid: a5b9d851713055842b2f3bcd11891662,
        type: 3}
      propertyPath: m_LocalEulerAnglesHint.x
      value: 0
      objectReference: {fileID: 0}
    - target: {fileID: 960644938290173789, guid: a5b9d851713055842b2f3bcd11891662,
        type: 3}
      propertyPath: m_LocalEulerAnglesHint.y
      value: 0
      objectReference: {fileID: 0}
    - target: {fileID: 960644938290173789, guid: a5b9d851713055842b2f3bcd11891662,
        type: 3}
      propertyPath: m_LocalEulerAnglesHint.z
      value: 0
      objectReference: {fileID: 0}
    - target: {fileID: 960644938290173789, guid: a5b9d851713055842b2f3bcd11891662,
        type: 3}
      propertyPath: m_AnchoredPosition.x
      value: 67.499985
      objectReference: {fileID: 0}
    - target: {fileID: 960644938290173789, guid: a5b9d851713055842b2f3bcd11891662,
        type: 3}
      propertyPath: m_AnchoredPosition.y
      value: -45
      objectReference: {fileID: 0}
    - target: {fileID: 960644938290173789, guid: a5b9d851713055842b2f3bcd11891662,
        type: 3}
      propertyPath: m_SizeDelta.x
      value: 125
      objectReference: {fileID: 0}
    - target: {fileID: 960644938290173789, guid: a5b9d851713055842b2f3bcd11891662,
        type: 3}
      propertyPath: m_SizeDelta.y
      value: 50
      objectReference: {fileID: 0}
    - target: {fileID: 960644938290173789, guid: a5b9d851713055842b2f3bcd11891662,
        type: 3}
      propertyPath: m_AnchorMin.x
      value: 0.5
      objectReference: {fileID: 0}
    - target: {fileID: 960644938290173789, guid: a5b9d851713055842b2f3bcd11891662,
        type: 3}
      propertyPath: m_AnchorMin.y
      value: 0.5
      objectReference: {fileID: 0}
    - target: {fileID: 960644938290173789, guid: a5b9d851713055842b2f3bcd11891662,
        type: 3}
      propertyPath: m_AnchorMax.x
      value: 0.5
      objectReference: {fileID: 0}
    - target: {fileID: 960644938290173789, guid: a5b9d851713055842b2f3bcd11891662,
        type: 3}
      propertyPath: m_AnchorMax.y
      value: 0.5
      objectReference: {fileID: 0}
    - target: {fileID: 960644938290173789, guid: a5b9d851713055842b2f3bcd11891662,
        type: 3}
      propertyPath: m_Pivot.x
      value: 0.5
      objectReference: {fileID: 0}
    - target: {fileID: 960644938290173789, guid: a5b9d851713055842b2f3bcd11891662,
        type: 3}
      propertyPath: m_Pivot.y
      value: 0.5
      objectReference: {fileID: 0}
    - target: {fileID: 8942371605191989295, guid: a5b9d851713055842b2f3bcd11891662,
        type: 3}
      propertyPath: m_Name
      value: req
      objectReference: {fileID: 0}
    m_RemovedComponents: []
  m_SourcePrefab: {fileID: 100100000, guid: a5b9d851713055842b2f3bcd11891662, type: 3}
--- !u!224 &2109395413177838558 stripped
RectTransform:
  m_CorrespondingSourceObject: {fileID: 960644938290173789, guid: a5b9d851713055842b2f3bcd11891662,
    type: 3}
  m_PrefabInstance: {fileID: 1158259120501800067}
  m_PrefabAsset: {fileID: 0}
--- !u!114 &8802027228013739617 stripped
MonoBehaviour:
  m_CorrespondingSourceObject: {fileID: 7653273454599111394, guid: a5b9d851713055842b2f3bcd11891662,
    type: 3}
  m_PrefabInstance: {fileID: 1158259120501800067}
  m_PrefabAsset: {fileID: 0}
  m_GameObject: {fileID: 0}
  m_Enabled: 1
  m_EditorHideFlags: 0
  m_Script: {fileID: 11500000, guid: 4755952f1d8588c42a54e93891b7a4a2, type: 3}
  m_Name: 
  m_EditorClassIdentifier: 
--- !u!1001 &2693160868953123156
PrefabInstance:
  m_ObjectHideFlags: 0
  serializedVersion: 2
  m_Modification:
    m_TransformParent: {fileID: 1012886852389726659}
    m_Modifications:
    - target: {fileID: 8184342573415668701, guid: f7444dca4b9e76748a00c985f84bdcdc,
        type: 3}
      propertyPath: m_HorizontalAlignment
      value: 2
      objectReference: {fileID: 0}
    - target: {fileID: 8184342573415668701, guid: f7444dca4b9e76748a00c985f84bdcdc,
        type: 3}
      propertyPath: m_text
      value: "\u8865\u7ED9\u4E0A\u9650 +3"
      objectReference: {fileID: 0}
    - target: {fileID: 8184342573415668702, guid: f7444dca4b9e76748a00c985f84bdcdc,
        type: 3}
      propertyPath: m_LocalPosition.x
      value: 0
      objectReference: {fileID: 0}
    - target: {fileID: 8184342573415668702, guid: f7444dca4b9e76748a00c985f84bdcdc,
        type: 3}
      propertyPath: m_LocalPosition.y
      value: 0
      objectReference: {fileID: 0}
    - target: {fileID: 8184342573415668702, guid: f7444dca4b9e76748a00c985f84bdcdc,
        type: 3}
      propertyPath: m_LocalPosition.z
      value: 0
      objectReference: {fileID: 0}
    - target: {fileID: 8184342573415668702, guid: f7444dca4b9e76748a00c985f84bdcdc,
        type: 3}
      propertyPath: m_LocalRotation.x
      value: 0
      objectReference: {fileID: 0}
    - target: {fileID: 8184342573415668702, guid: f7444dca4b9e76748a00c985f84bdcdc,
        type: 3}
      propertyPath: m_LocalRotation.y
      value: 0
      objectReference: {fileID: 0}
    - target: {fileID: 8184342573415668702, guid: f7444dca4b9e76748a00c985f84bdcdc,
        type: 3}
      propertyPath: m_LocalRotation.z
      value: 0
      objectReference: {fileID: 0}
    - target: {fileID: 8184342573415668702, guid: f7444dca4b9e76748a00c985f84bdcdc,
        type: 3}
      propertyPath: m_LocalRotation.w
      value: 1
      objectReference: {fileID: 0}
    - target: {fileID: 8184342573415668702, guid: f7444dca4b9e76748a00c985f84bdcdc,
        type: 3}
      propertyPath: m_RootOrder
      value: 1
      objectReference: {fileID: 0}
    - target: {fileID: 8184342573415668702, guid: f7444dca4b9e76748a00c985f84bdcdc,
        type: 3}
      propertyPath: m_LocalEulerAnglesHint.x
      value: 0
      objectReference: {fileID: 0}
    - target: {fileID: 8184342573415668702, guid: f7444dca4b9e76748a00c985f84bdcdc,
        type: 3}
      propertyPath: m_LocalEulerAnglesHint.y
      value: 0
      objectReference: {fileID: 0}
    - target: {fileID: 8184342573415668702, guid: f7444dca4b9e76748a00c985f84bdcdc,
        type: 3}
      propertyPath: m_LocalEulerAnglesHint.z
      value: 0
      objectReference: {fileID: 0}
    - target: {fileID: 8184342573415668702, guid: f7444dca4b9e76748a00c985f84bdcdc,
        type: 3}
      propertyPath: m_AnchoredPosition.x
      value: 0
      objectReference: {fileID: 0}
    - target: {fileID: 8184342573415668702, guid: f7444dca4b9e76748a00c985f84bdcdc,
        type: 3}
      propertyPath: m_AnchoredPosition.y
      value: -5
      objectReference: {fileID: 0}
    - target: {fileID: 8184342573415668702, guid: f7444dca4b9e76748a00c985f84bdcdc,
        type: 3}
      propertyPath: m_SizeDelta.x
      value: 200
      objectReference: {fileID: 0}
    - target: {fileID: 8184342573415668702, guid: f7444dca4b9e76748a00c985f84bdcdc,
        type: 3}
      propertyPath: m_SizeDelta.y
      value: 80
      objectReference: {fileID: 0}
    - target: {fileID: 8184342573415668702, guid: f7444dca4b9e76748a00c985f84bdcdc,
        type: 3}
      propertyPath: m_AnchorMin.x
      value: 0.5
      objectReference: {fileID: 0}
    - target: {fileID: 8184342573415668702, guid: f7444dca4b9e76748a00c985f84bdcdc,
        type: 3}
      propertyPath: m_AnchorMin.y
      value: 1
      objectReference: {fileID: 0}
    - target: {fileID: 8184342573415668702, guid: f7444dca4b9e76748a00c985f84bdcdc,
        type: 3}
      propertyPath: m_AnchorMax.x
      value: 0.5
      objectReference: {fileID: 0}
    - target: {fileID: 8184342573415668702, guid: f7444dca4b9e76748a00c985f84bdcdc,
        type: 3}
      propertyPath: m_AnchorMax.y
      value: 1
      objectReference: {fileID: 0}
    - target: {fileID: 8184342573415668702, guid: f7444dca4b9e76748a00c985f84bdcdc,
        type: 3}
      propertyPath: m_Pivot.x
      value: 0.5
      objectReference: {fileID: 0}
    - target: {fileID: 8184342573415668702, guid: f7444dca4b9e76748a00c985f84bdcdc,
        type: 3}
      propertyPath: m_Pivot.y
      value: 1
      objectReference: {fileID: 0}
    - target: {fileID: 8184342573415668703, guid: f7444dca4b9e76748a00c985f84bdcdc,
        type: 3}
      propertyPath: m_Name
      value: desc
      objectReference: {fileID: 0}
    m_RemovedComponents: []
  m_SourcePrefab: {fileID: 100100000, guid: f7444dca4b9e76748a00c985f84bdcdc, type: 3}
--- !u!224 &6121702235847193226 stripped
RectTransform:
  m_CorrespondingSourceObject: {fileID: 8184342573415668702, guid: f7444dca4b9e76748a00c985f84bdcdc,
    type: 3}
  m_PrefabInstance: {fileID: 2693160868953123156}
  m_PrefabAsset: {fileID: 0}
--- !u!114 &8255675328324619083 stripped
MonoBehaviour:
  m_CorrespondingSourceObject: {fileID: 6337140213832229407, guid: f7444dca4b9e76748a00c985f84bdcdc,
    type: 3}
  m_PrefabInstance: {fileID: 2693160868953123156}
  m_PrefabAsset: {fileID: 0}
  m_GameObject: {fileID: 0}
  m_Enabled: 1
  m_EditorHideFlags: 0
  m_Script: {fileID: 11500000, guid: 366e5fcf4374db04ca4e6b17b07f10b7, type: 3}
  m_Name: 
  m_EditorClassIdentifier: 
--- !u!1001 &5376537520146022953
PrefabInstance:
  m_ObjectHideFlags: 0
  serializedVersion: 2
  m_Modification:
    m_TransformParent: {fileID: 8003561869114124408}
    m_Modifications:
    - target: {fileID: 4267780025311387550, guid: 56eb7492d5b101a49a2829684324bbc3,
        type: 3}
      propertyPath: m_LocalPosition.x
      value: 0
      objectReference: {fileID: 0}
    - target: {fileID: 4267780025311387550, guid: 56eb7492d5b101a49a2829684324bbc3,
        type: 3}
      propertyPath: m_LocalPosition.y
      value: 0
      objectReference: {fileID: 0}
    - target: {fileID: 4267780025311387550, guid: 56eb7492d5b101a49a2829684324bbc3,
        type: 3}
      propertyPath: m_LocalPosition.z
      value: 0
      objectReference: {fileID: 0}
    - target: {fileID: 4267780025311387550, guid: 56eb7492d5b101a49a2829684324bbc3,
        type: 3}
      propertyPath: m_LocalRotation.x
      value: -0
      objectReference: {fileID: 0}
    - target: {fileID: 4267780025311387550, guid: 56eb7492d5b101a49a2829684324bbc3,
        type: 3}
      propertyPath: m_LocalRotation.y
      value: -0
      objectReference: {fileID: 0}
    - target: {fileID: 4267780025311387550, guid: 56eb7492d5b101a49a2829684324bbc3,
        type: 3}
      propertyPath: m_LocalRotation.z
      value: -0
      objectReference: {fileID: 0}
    - target: {fileID: 4267780025311387550, guid: 56eb7492d5b101a49a2829684324bbc3,
        type: 3}
      propertyPath: m_LocalRotation.w
      value: 1
      objectReference: {fileID: 0}
    - target: {fileID: 4267780025311387550, guid: 56eb7492d5b101a49a2829684324bbc3,
        type: 3}
      propertyPath: m_RootOrder
      value: 0
      objectReference: {fileID: 0}
    - target: {fileID: 4267780025311387550, guid: 56eb7492d5b101a49a2829684324bbc3,
        type: 3}
      propertyPath: m_LocalEulerAnglesHint.x
      value: 0
      objectReference: {fileID: 0}
    - target: {fileID: 4267780025311387550, guid: 56eb7492d5b101a49a2829684324bbc3,
        type: 3}
      propertyPath: m_LocalEulerAnglesHint.y
      value: 0
      objectReference: {fileID: 0}
    - target: {fileID: 4267780025311387550, guid: 56eb7492d5b101a49a2829684324bbc3,
        type: 3}
      propertyPath: m_LocalEulerAnglesHint.z
      value: 0
      objectReference: {fileID: 0}
    - target: {fileID: 4267780025311387550, guid: 56eb7492d5b101a49a2829684324bbc3,
        type: 3}
      propertyPath: m_AnchoredPosition.x
      value: 0
      objectReference: {fileID: 0}
    - target: {fileID: 4267780025311387550, guid: 56eb7492d5b101a49a2829684324bbc3,
        type: 3}
      propertyPath: m_AnchoredPosition.y
      value: 0
      objectReference: {fileID: 0}
    - target: {fileID: 4267780025311387550, guid: 56eb7492d5b101a49a2829684324bbc3,
        type: 3}
      propertyPath: m_SizeDelta.x
      value: 260
      objectReference: {fileID: 0}
    - target: {fileID: 4267780025311387550, guid: 56eb7492d5b101a49a2829684324bbc3,
        type: 3}
      propertyPath: m_SizeDelta.y
      value: 150
      objectReference: {fileID: 0}
    - target: {fileID: 4267780025311387550, guid: 56eb7492d5b101a49a2829684324bbc3,
        type: 3}
      propertyPath: m_AnchorMin.x
      value: 0.5
      objectReference: {fileID: 0}
    - target: {fileID: 4267780025311387550, guid: 56eb7492d5b101a49a2829684324bbc3,
        type: 3}
      propertyPath: m_AnchorMin.y
      value: 1
      objectReference: {fileID: 0}
    - target: {fileID: 4267780025311387550, guid: 56eb7492d5b101a49a2829684324bbc3,
        type: 3}
      propertyPath: m_AnchorMax.x
      value: 0.5
      objectReference: {fileID: 0}
    - target: {fileID: 4267780025311387550, guid: 56eb7492d5b101a49a2829684324bbc3,
        type: 3}
      propertyPath: m_AnchorMax.y
      value: 1
      objectReference: {fileID: 0}
    - target: {fileID: 4267780025311387550, guid: 56eb7492d5b101a49a2829684324bbc3,
        type: 3}
      propertyPath: m_Pivot.x
      value: 0.5
      objectReference: {fileID: 0}
    - target: {fileID: 4267780025311387550, guid: 56eb7492d5b101a49a2829684324bbc3,
        type: 3}
      propertyPath: m_Pivot.y
      value: 1
      objectReference: {fileID: 0}
    - target: {fileID: 8971381253916460682, guid: 56eb7492d5b101a49a2829684324bbc3,
        type: 3}
      propertyPath: m_Name
      value: container_s_hor
      objectReference: {fileID: 0}
    m_RemovedComponents: []
  m_SourcePrefab: {fileID: 100100000, guid: 56eb7492d5b101a49a2829684324bbc3, type: 3}
--- !u!224 &8189654296731344311 stripped
RectTransform:
  m_CorrespondingSourceObject: {fileID: 4267780025311387550, guid: 56eb7492d5b101a49a2829684324bbc3,
    type: 3}
  m_PrefabInstance: {fileID: 5376537520146022953}
  m_PrefabAsset: {fileID: 0}
--- !u!1001 &7270173391194717163
PrefabInstance:
  m_ObjectHideFlags: 0
  serializedVersion: 2
  m_Modification:
    m_TransformParent: {fileID: 8003561869114124408}
    m_Modifications:
    - target: {fileID: 467670229794291692, guid: 1dc23ddd37d3fe342a6605b0475749fc,
        type: 3}
      propertyPath: m_LocalPosition.x
      value: 0
      objectReference: {fileID: 0}
    - target: {fileID: 467670229794291692, guid: 1dc23ddd37d3fe342a6605b0475749fc,
        type: 3}
      propertyPath: m_LocalPosition.y
      value: 0
      objectReference: {fileID: 0}
    - target: {fileID: 467670229794291692, guid: 1dc23ddd37d3fe342a6605b0475749fc,
        type: 3}
      propertyPath: m_LocalPosition.z
      value: 0
      objectReference: {fileID: 0}
    - target: {fileID: 467670229794291692, guid: 1dc23ddd37d3fe342a6605b0475749fc,
        type: 3}
      propertyPath: m_LocalRotation.x
      value: 0
      objectReference: {fileID: 0}
    - target: {fileID: 467670229794291692, guid: 1dc23ddd37d3fe342a6605b0475749fc,
        type: 3}
      propertyPath: m_LocalRotation.y
      value: 0
      objectReference: {fileID: 0}
    - target: {fileID: 467670229794291692, guid: 1dc23ddd37d3fe342a6605b0475749fc,
        type: 3}
      propertyPath: m_LocalRotation.z
      value: 1
      objectReference: {fileID: 0}
    - target: {fileID: 467670229794291692, guid: 1dc23ddd37d3fe342a6605b0475749fc,
        type: 3}
      propertyPath: m_LocalRotation.w
      value: 0
      objectReference: {fileID: 0}
    - target: {fileID: 467670229794291692, guid: 1dc23ddd37d3fe342a6605b0475749fc,
        type: 3}
      propertyPath: m_RootOrder
      value: 1
      objectReference: {fileID: 0}
    - target: {fileID: 467670229794291692, guid: 1dc23ddd37d3fe342a6605b0475749fc,
        type: 3}
      propertyPath: m_LocalEulerAnglesHint.x
      value: 0
      objectReference: {fileID: 0}
    - target: {fileID: 467670229794291692, guid: 1dc23ddd37d3fe342a6605b0475749fc,
        type: 3}
      propertyPath: m_LocalEulerAnglesHint.y
      value: 0
      objectReference: {fileID: 0}
    - target: {fileID: 467670229794291692, guid: 1dc23ddd37d3fe342a6605b0475749fc,
        type: 3}
      propertyPath: m_LocalEulerAnglesHint.z
      value: 180
      objectReference: {fileID: 0}
    - target: {fileID: 467670229794291692, guid: 1dc23ddd37d3fe342a6605b0475749fc,
        type: 3}
      propertyPath: m_AnchoredPosition.x
      value: 0
      objectReference: {fileID: 0}
    - target: {fileID: 467670229794291692, guid: 1dc23ddd37d3fe342a6605b0475749fc,
        type: 3}
      propertyPath: m_AnchoredPosition.y
      value: 35
      objectReference: {fileID: 0}
    - target: {fileID: 467670229794291692, guid: 1dc23ddd37d3fe342a6605b0475749fc,
        type: 3}
      propertyPath: m_SizeDelta.x
      value: 50
      objectReference: {fileID: 0}
    - target: {fileID: 467670229794291692, guid: 1dc23ddd37d3fe342a6605b0475749fc,
        type: 3}
      propertyPath: m_SizeDelta.y
      value: 50
      objectReference: {fileID: 0}
    - target: {fileID: 467670229794291692, guid: 1dc23ddd37d3fe342a6605b0475749fc,
        type: 3}
      propertyPath: m_AnchorMin.x
      value: 0.5
      objectReference: {fileID: 0}
    - target: {fileID: 467670229794291692, guid: 1dc23ddd37d3fe342a6605b0475749fc,
        type: 3}
      propertyPath: m_AnchorMin.y
      value: 0
      objectReference: {fileID: 0}
    - target: {fileID: 467670229794291692, guid: 1dc23ddd37d3fe342a6605b0475749fc,
        type: 3}
      propertyPath: m_AnchorMax.x
      value: 0.5
      objectReference: {fileID: 0}
    - target: {fileID: 467670229794291692, guid: 1dc23ddd37d3fe342a6605b0475749fc,
        type: 3}
      propertyPath: m_AnchorMax.y
      value: 0
      objectReference: {fileID: 0}
    - target: {fileID: 467670229794291692, guid: 1dc23ddd37d3fe342a6605b0475749fc,
        type: 3}
      propertyPath: m_Pivot.x
      value: 0.5
      objectReference: {fileID: 0}
    - target: {fileID: 467670229794291692, guid: 1dc23ddd37d3fe342a6605b0475749fc,
        type: 3}
      propertyPath: m_Pivot.y
      value: 0
      objectReference: {fileID: 0}
    - target: {fileID: 1164791547728875604, guid: 1dc23ddd37d3fe342a6605b0475749fc,
        type: 3}
      propertyPath: m_Name
      value: arrow
      objectReference: {fileID: 0}
    - target: {fileID: 5864248738715094969, guid: 1dc23ddd37d3fe342a6605b0475749fc,
        type: 3}
      propertyPath: m_Enabled
      value: 0
      objectReference: {fileID: 0}
    - target: {fileID: 7321981290613875138, guid: 1dc23ddd37d3fe342a6605b0475749fc,
        type: 3}
      propertyPath: m_Sprite
      value: 
      objectReference: {fileID: -7400031637979810672, guid: 76fc86b3b2925c84fbc2fc489de9cb6a,
        type: 3}
    m_RemovedComponents: []
  m_SourcePrefab: {fileID: 100100000, guid: 1dc23ddd37d3fe342a6605b0475749fc, type: 3}
--- !u!224 &7104894290421187591 stripped
RectTransform:
  m_CorrespondingSourceObject: {fileID: 467670229794291692, guid: 1dc23ddd37d3fe342a6605b0475749fc,
    type: 3}
  m_PrefabInstance: {fileID: 7270173391194717163}
  m_PrefabAsset: {fileID: 0}
--- !u!1001 &7361935011646058726
PrefabInstance:
  m_ObjectHideFlags: 0
  serializedVersion: 2
  m_Modification:
    m_TransformParent: {fileID: 1012886852389726659}
    m_Modifications:
    - target: {fileID: 564633156056635504, guid: 452526de59a72924e85b61d4e4da88b2,
        type: 3}
      propertyPath: m_Name
      value: art
      objectReference: {fileID: 0}
    - target: {fileID: 1261763227906340808, guid: 452526de59a72924e85b61d4e4da88b2,
        type: 3}
      propertyPath: m_LocalPosition.x
      value: 0
      objectReference: {fileID: 0}
    - target: {fileID: 1261763227906340808, guid: 452526de59a72924e85b61d4e4da88b2,
        type: 3}
      propertyPath: m_LocalPosition.y
      value: 0
      objectReference: {fileID: 0}
    - target: {fileID: 1261763227906340808, guid: 452526de59a72924e85b61d4e4da88b2,
        type: 3}
      propertyPath: m_LocalPosition.z
      value: 0
      objectReference: {fileID: 0}
    - target: {fileID: 1261763227906340808, guid: 452526de59a72924e85b61d4e4da88b2,
        type: 3}
      propertyPath: m_LocalRotation.x
      value: 0
      objectReference: {fileID: 0}
    - target: {fileID: 1261763227906340808, guid: 452526de59a72924e85b61d4e4da88b2,
        type: 3}
      propertyPath: m_LocalRotation.y
      value: 0
      objectReference: {fileID: 0}
    - target: {fileID: 1261763227906340808, guid: 452526de59a72924e85b61d4e4da88b2,
        type: 3}
      propertyPath: m_LocalRotation.z
      value: 0
      objectReference: {fileID: 0}
    - target: {fileID: 1261763227906340808, guid: 452526de59a72924e85b61d4e4da88b2,
        type: 3}
      propertyPath: m_LocalRotation.w
      value: 1
      objectReference: {fileID: 0}
    - target: {fileID: 1261763227906340808, guid: 452526de59a72924e85b61d4e4da88b2,
        type: 3}
      propertyPath: m_RootOrder
      value: 0
      objectReference: {fileID: 0}
    - target: {fileID: 1261763227906340808, guid: 452526de59a72924e85b61d4e4da88b2,
        type: 3}
      propertyPath: m_LocalEulerAnglesHint.x
      value: 0
      objectReference: {fileID: 0}
    - target: {fileID: 1261763227906340808, guid: 452526de59a72924e85b61d4e4da88b2,
        type: 3}
      propertyPath: m_LocalEulerAnglesHint.y
      value: 0
      objectReference: {fileID: 0}
    - target: {fileID: 1261763227906340808, guid: 452526de59a72924e85b61d4e4da88b2,
        type: 3}
      propertyPath: m_LocalEulerAnglesHint.z
      value: 0
      objectReference: {fileID: 0}
    - target: {fileID: 1261763227906340808, guid: 452526de59a72924e85b61d4e4da88b2,
        type: 3}
      propertyPath: m_AnchoredPosition.x
      value: -105
      objectReference: {fileID: 0}
    - target: {fileID: 1261763227906340808, guid: 452526de59a72924e85b61d4e4da88b2,
        type: 3}
      propertyPath: m_AnchoredPosition.y
      value: 45
      objectReference: {fileID: 0}
    - target: {fileID: 1261763227906340808, guid: 452526de59a72924e85b61d4e4da88b2,
        type: 3}
      propertyPath: m_SizeDelta.x
      value: 50
      objectReference: {fileID: 0}
    - target: {fileID: 1261763227906340808, guid: 452526de59a72924e85b61d4e4da88b2,
        type: 3}
      propertyPath: m_SizeDelta.y
      value: 50
      objectReference: {fileID: 0}
    - target: {fileID: 1261763227906340808, guid: 452526de59a72924e85b61d4e4da88b2,
        type: 3}
      propertyPath: m_AnchorMin.x
      value: 0.5
      objectReference: {fileID: 0}
    - target: {fileID: 1261763227906340808, guid: 452526de59a72924e85b61d4e4da88b2,
        type: 3}
      propertyPath: m_AnchorMin.y
      value: 0.5
      objectReference: {fileID: 0}
    - target: {fileID: 1261763227906340808, guid: 452526de59a72924e85b61d4e4da88b2,
        type: 3}
      propertyPath: m_AnchorMax.x
      value: 0.5
      objectReference: {fileID: 0}
    - target: {fileID: 1261763227906340808, guid: 452526de59a72924e85b61d4e4da88b2,
        type: 3}
      propertyPath: m_AnchorMax.y
      value: 0.5
      objectReference: {fileID: 0}
    - target: {fileID: 1261763227906340808, guid: 452526de59a72924e85b61d4e4da88b2,
        type: 3}
      propertyPath: m_Pivot.x
      value: 0.5
      objectReference: {fileID: 0}
    - target: {fileID: 1261763227906340808, guid: 452526de59a72924e85b61d4e4da88b2,
        type: 3}
      propertyPath: m_Pivot.y
      value: 0.5
      objectReference: {fileID: 0}
    m_RemovedComponents: []
  m_SourcePrefab: {fileID: 100100000, guid: 452526de59a72924e85b61d4e4da88b2, type: 3}
--- !u!224 &8622271345787225902 stripped
RectTransform:
  m_CorrespondingSourceObject: {fileID: 1261763227906340808, guid: 452526de59a72924e85b61d4e4da88b2,
    type: 3}
  m_PrefabInstance: {fileID: 7361935011646058726}
  m_PrefabAsset: {fileID: 0}
--- !u!114 &7722029701561194443 stripped
MonoBehaviour:
  m_CorrespondingSourceObject: {fileID: 937014782668482349, guid: 452526de59a72924e85b61d4e4da88b2,
    type: 3}
  m_PrefabInstance: {fileID: 7361935011646058726}
  m_PrefabAsset: {fileID: 0}
  m_GameObject: {fileID: 0}
  m_Enabled: 1
  m_EditorHideFlags: 0
  m_Script: {fileID: 11500000, guid: 26e90f77ee710af4583d4be5b89020a2, type: 3}
  m_Name: 
  m_EditorClassIdentifier: 
