%YAML 1.1
%TAG !u! tag:unity3d.com,2011:
--- !u!1 &6565226329113640551
GameObject:
  m_ObjectHideFlags: 0
  m_CorrespondingSourceObject: {fileID: 0}
  m_PrefabInstance: {fileID: 0}
  m_PrefabAsset: {fileID: 0}
  serializedVersion: 6
  m_Component:
  - component: {fileID: 6565226329113640550}
  - component: {fileID: 3760092067817280661}
  m_Layer: 5
  m_Name: action_chance
  m_TagString: Untagged
  m_Icon: {fileID: 0}
  m_NavMeshLayer: 0
  m_StaticEditorFlags: 0
  m_IsActive: 1
--- !u!224 &6565226329113640550
RectTransform:
  m_ObjectHideFlags: 0
  m_CorrespondingSourceObject: {fileID: 0}
  m_PrefabInstance: {fileID: 0}
  m_PrefabAsset: {fileID: 0}
  m_GameObject: {fileID: 6565226329113640551}
  m_LocalRotation: {x: -0, y: -0, z: -0, w: 1}
  m_LocalPosition: {x: 0, y: 0, z: 0}
  m_LocalScale: {x: 1, y: 1, z: 1}
  m_Children:
  - {fileID: 1985049326596218590}
  - {fileID: 4403299886161514915}
  - {fileID: 3276848109178829580}
  - {fileID: 2431827672190505243}
  - {fileID: 849217965753769628}
  m_Father: {fileID: 0}
  m_RootOrder: 0
  m_LocalEulerAnglesHint: {x: 0, y: 0, z: 0}
  m_AnchorMin: {x: 0.5, y: 0.5}
  m_AnchorMax: {x: 0.5, y: 0.5}
  m_AnchoredPosition: {x: 0, y: 0}
  m_SizeDelta: {x: 100, y: 40}
  m_Pivot: {x: 0.5, y: 0.5}
--- !u!114 &3760092067817280661
MonoBehaviour:
  m_ObjectHideFlags: 0
  m_CorrespondingSourceObject: {fileID: 0}
  m_PrefabInstance: {fileID: 0}
  m_PrefabAsset: {fileID: 0}
  m_GameObject: {fileID: 6565226329113640551}
  m_Enabled: 1
  m_EditorHideFlags: 0
  m_Script: {fileID: 11500000, guid: 4171d1d04ce89dd4a8b1e5a7cf8a2cb2, type: 3}
  m_Name: 
  m_EditorClassIdentifier: 
  icon: {fileID: 2421237751955554630}
  majorStr: {fileID: 6952985612026133278}
  minorStr: {fileID: 0}
  dice: {fileID: 2435407748765659048}
  indicator: {fileID: 8313940883816723252}
--- !u!1001 &972353661146741427
PrefabInstance:
  m_ObjectHideFlags: 0
  serializedVersion: 2
  m_Modification:
    m_TransformParent: {fileID: 6565226329113640550}
    m_Modifications:
    - target: {fileID: 3225114869348101032, guid: 830b44e8beb82db4984f163d7512c182,
        type: 3}
      propertyPath: m_LocalPosition.x
      value: 0
      objectReference: {fileID: 0}
    - target: {fileID: 3225114869348101032, guid: 830b44e8beb82db4984f163d7512c182,
        type: 3}
      propertyPath: m_LocalPosition.y
      value: 0
      objectReference: {fileID: 0}
    - target: {fileID: 3225114869348101032, guid: 830b44e8beb82db4984f163d7512c182,
        type: 3}
      propertyPath: m_LocalPosition.z
      value: 0
      objectReference: {fileID: 0}
    - target: {fileID: 3225114869348101032, guid: 830b44e8beb82db4984f163d7512c182,
        type: 3}
      propertyPath: m_LocalRotation.x
      value: 0
      objectReference: {fileID: 0}
    - target: {fileID: 3225114869348101032, guid: 830b44e8beb82db4984f163d7512c182,
        type: 3}
      propertyPath: m_LocalRotation.y
      value: 0
      objectReference: {fileID: 0}
    - target: {fileID: 3225114869348101032, guid: 830b44e8beb82db4984f163d7512c182,
        type: 3}
      propertyPath: m_LocalRotation.z
      value: 0
      objectReference: {fileID: 0}
    - target: {fileID: 3225114869348101032, guid: 830b44e8beb82db4984f163d7512c182,
        type: 3}
      propertyPath: m_LocalRotation.w
      value: 1
      objectReference: {fileID: 0}
    - target: {fileID: 3225114869348101032, guid: 830b44e8beb82db4984f163d7512c182,
        type: 3}
      propertyPath: m_RootOrder
      value: 3
      objectReference: {fileID: 0}
    - target: {fileID: 3225114869348101032, guid: 830b44e8beb82db4984f163d7512c182,
        type: 3}
      propertyPath: m_LocalEulerAnglesHint.x
      value: 0
      objectReference: {fileID: 0}
    - target: {fileID: 3225114869348101032, guid: 830b44e8beb82db4984f163d7512c182,
        type: 3}
      propertyPath: m_LocalEulerAnglesHint.y
      value: 0
      objectReference: {fileID: 0}
    - target: {fileID: 3225114869348101032, guid: 830b44e8beb82db4984f163d7512c182,
        type: 3}
      propertyPath: m_LocalEulerAnglesHint.z
      value: 0
      objectReference: {fileID: 0}
    - target: {fileID: 3225114869348101032, guid: 830b44e8beb82db4984f163d7512c182,
        type: 3}
      propertyPath: m_AnchoredPosition.x
      value: 0
      objectReference: {fileID: 0}
    - target: {fileID: 3225114869348101032, guid: 830b44e8beb82db4984f163d7512c182,
        type: 3}
      propertyPath: m_AnchoredPosition.y
      value: 0
      objectReference: {fileID: 0}
    - target: {fileID: 3225114869348101032, guid: 830b44e8beb82db4984f163d7512c182,
        type: 3}
      propertyPath: m_SizeDelta.x
      value: 45
      objectReference: {fileID: 0}
    - target: {fileID: 3225114869348101032, guid: 830b44e8beb82db4984f163d7512c182,
        type: 3}
      propertyPath: m_SizeDelta.y
      value: 30
      objectReference: {fileID: 0}
    - target: {fileID: 3225114869348101032, guid: 830b44e8beb82db4984f163d7512c182,
        type: 3}
      propertyPath: m_AnchorMin.x
      value: 1
      objectReference: {fileID: 0}
    - target: {fileID: 3225114869348101032, guid: 830b44e8beb82db4984f163d7512c182,
        type: 3}
      propertyPath: m_AnchorMin.y
      value: 0.5
      objectReference: {fileID: 0}
    - target: {fileID: 3225114869348101032, guid: 830b44e8beb82db4984f163d7512c182,
        type: 3}
      propertyPath: m_AnchorMax.x
      value: 1
      objectReference: {fileID: 0}
    - target: {fileID: 3225114869348101032, guid: 830b44e8beb82db4984f163d7512c182,
        type: 3}
      propertyPath: m_AnchorMax.y
      value: 0.5
      objectReference: {fileID: 0}
    - target: {fileID: 3225114869348101032, guid: 830b44e8beb82db4984f163d7512c182,
        type: 3}
      propertyPath: m_Pivot.x
      value: 1
      objectReference: {fileID: 0}
    - target: {fileID: 3225114869348101032, guid: 830b44e8beb82db4984f163d7512c182,
        type: 3}
      propertyPath: m_Pivot.y
      value: 0.5
      objectReference: {fileID: 0}
    - target: {fileID: 3225114869348101033, guid: 830b44e8beb82db4984f163d7512c182,
        type: 3}
      propertyPath: m_Name
      value: number_s
      objectReference: {fileID: 0}
    - target: {fileID: 3225114869348101035, guid: 830b44e8beb82db4984f163d7512c182,
        type: 3}
      propertyPath: m_text
      value: 100%
      objectReference: {fileID: 0}
    - target: {fileID: 3225114869348101035, guid: 830b44e8beb82db4984f163d7512c182,
        type: 3}
      propertyPath: m_margin.z
      value: 0
      objectReference: {fileID: 0}
    - target: {fileID: 3225114869348101035, guid: 830b44e8beb82db4984f163d7512c182,
        type: 3}
      propertyPath: m_margin.x
      value: 0
      objectReference: {fileID: 0}
    - target: {fileID: 3225114869348101035, guid: 830b44e8beb82db4984f163d7512c182,
        type: 3}
      propertyPath: m_margin.y
      value: 0
      objectReference: {fileID: 0}
    - target: {fileID: 3225114869348101035, guid: 830b44e8beb82db4984f163d7512c182,
        type: 3}
      propertyPath: m_margin.w
      value: 0
      objectReference: {fileID: 0}
    m_RemovedComponents: []
  m_SourcePrefab: {fileID: 100100000, guid: 830b44e8beb82db4984f163d7512c182, type: 3}
--- !u!224 &2431827672190505243 stripped
RectTransform:
  m_CorrespondingSourceObject: {fileID: 3225114869348101032, guid: 830b44e8beb82db4984f163d7512c182,
    type: 3}
  m_PrefabInstance: {fileID: 972353661146741427}
  m_PrefabAsset: {fileID: 0}
--- !u!114 &6952985612026133278 stripped
MonoBehaviour:
  m_CorrespondingSourceObject: {fileID: 7855272892270608813, guid: 830b44e8beb82db4984f163d7512c182,
    type: 3}
  m_PrefabInstance: {fileID: 972353661146741427}
  m_PrefabAsset: {fileID: 0}
  m_GameObject: {fileID: 0}
  m_Enabled: 1
  m_EditorHideFlags: 0
  m_Script: {fileID: 11500000, guid: 366e5fcf4374db04ca4e6b17b07f10b7, type: 3}
  m_Name: 
  m_EditorClassIdentifier: 
--- !u!1001 &1222103145614081863
PrefabInstance:
  m_ObjectHideFlags: 0
  serializedVersion: 2
  m_Modification:
    m_TransformParent: {fileID: 6565226329113640550}
    m_Modifications:
    - target: {fileID: 3160171847016606707, guid: ce02f9dd1adcbe241b6aa1cc105c25a2,
        type: 3}
      propertyPath: m_Name
      value: dice_s
      objectReference: {fileID: 0}
    - target: {fileID: 4435055696344859723, guid: ce02f9dd1adcbe241b6aa1cc105c25a2,
        type: 3}
      propertyPath: m_LocalPosition.x
      value: 0
      objectReference: {fileID: 0}
    - target: {fileID: 4435055696344859723, guid: ce02f9dd1adcbe241b6aa1cc105c25a2,
        type: 3}
      propertyPath: m_LocalPosition.y
      value: 0
      objectReference: {fileID: 0}
    - target: {fileID: 4435055696344859723, guid: ce02f9dd1adcbe241b6aa1cc105c25a2,
        type: 3}
      propertyPath: m_LocalPosition.z
      value: 0
      objectReference: {fileID: 0}
    - target: {fileID: 4435055696344859723, guid: ce02f9dd1adcbe241b6aa1cc105c25a2,
        type: 3}
      propertyPath: m_LocalRotation.x
      value: 0
      objectReference: {fileID: 0}
    - target: {fileID: 4435055696344859723, guid: ce02f9dd1adcbe241b6aa1cc105c25a2,
        type: 3}
      propertyPath: m_LocalRotation.y
      value: 0
      objectReference: {fileID: 0}
    - target: {fileID: 4435055696344859723, guid: ce02f9dd1adcbe241b6aa1cc105c25a2,
        type: 3}
      propertyPath: m_LocalRotation.z
      value: 0
      objectReference: {fileID: 0}
    - target: {fileID: 4435055696344859723, guid: ce02f9dd1adcbe241b6aa1cc105c25a2,
        type: 3}
      propertyPath: m_LocalRotation.w
      value: 1
      objectReference: {fileID: 0}
    - target: {fileID: 4435055696344859723, guid: ce02f9dd1adcbe241b6aa1cc105c25a2,
        type: 3}
      propertyPath: m_RootOrder
      value: 2
      objectReference: {fileID: 0}
    - target: {fileID: 4435055696344859723, guid: ce02f9dd1adcbe241b6aa1cc105c25a2,
        type: 3}
      propertyPath: m_LocalEulerAnglesHint.x
      value: 0
      objectReference: {fileID: 0}
    - target: {fileID: 4435055696344859723, guid: ce02f9dd1adcbe241b6aa1cc105c25a2,
        type: 3}
      propertyPath: m_LocalEulerAnglesHint.y
      value: 0
      objectReference: {fileID: 0}
    - target: {fileID: 4435055696344859723, guid: ce02f9dd1adcbe241b6aa1cc105c25a2,
        type: 3}
      propertyPath: m_LocalEulerAnglesHint.z
      value: 0
      objectReference: {fileID: 0}
    - target: {fileID: 4435055696344859723, guid: ce02f9dd1adcbe241b6aa1cc105c25a2,
        type: 3}
      propertyPath: m_AnchoredPosition.x
      value: 0
      objectReference: {fileID: 0}
    - target: {fileID: 4435055696344859723, guid: ce02f9dd1adcbe241b6aa1cc105c25a2,
        type: 3}
      propertyPath: m_AnchoredPosition.y
      value: 0
      objectReference: {fileID: 0}
    - target: {fileID: 4435055696344859723, guid: ce02f9dd1adcbe241b6aa1cc105c25a2,
        type: 3}
      propertyPath: m_SizeDelta.x
      value: 18
      objectReference: {fileID: 0}
    - target: {fileID: 4435055696344859723, guid: ce02f9dd1adcbe241b6aa1cc105c25a2,
        type: 3}
      propertyPath: m_SizeDelta.y
      value: 18
      objectReference: {fileID: 0}
    - target: {fileID: 4435055696344859723, guid: ce02f9dd1adcbe241b6aa1cc105c25a2,
        type: 3}
      propertyPath: m_AnchorMin.x
      value: 0.5
      objectReference: {fileID: 0}
    - target: {fileID: 4435055696344859723, guid: ce02f9dd1adcbe241b6aa1cc105c25a2,
        type: 3}
      propertyPath: m_AnchorMin.y
      value: 0.5
      objectReference: {fileID: 0}
    - target: {fileID: 4435055696344859723, guid: ce02f9dd1adcbe241b6aa1cc105c25a2,
        type: 3}
      propertyPath: m_AnchorMax.x
      value: 0.5
      objectReference: {fileID: 0}
    - target: {fileID: 4435055696344859723, guid: ce02f9dd1adcbe241b6aa1cc105c25a2,
        type: 3}
      propertyPath: m_AnchorMax.y
      value: 0.5
      objectReference: {fileID: 0}
    - target: {fileID: 4435055696344859723, guid: ce02f9dd1adcbe241b6aa1cc105c25a2,
        type: 3}
      propertyPath: m_Pivot.x
      value: 0.5
      objectReference: {fileID: 0}
    - target: {fileID: 4435055696344859723, guid: ce02f9dd1adcbe241b6aa1cc105c25a2,
        type: 3}
      propertyPath: m_Pivot.y
      value: 0.5
      objectReference: {fileID: 0}
    m_RemovedComponents: []
  m_SourcePrefab: {fileID: 100100000, guid: ce02f9dd1adcbe241b6aa1cc105c25a2, type: 3}
--- !u!224 &3276848109178829580 stripped
RectTransform:
  m_CorrespondingSourceObject: {fileID: 4435055696344859723, guid: ce02f9dd1adcbe241b6aa1cc105c25a2,
    type: 3}
  m_PrefabInstance: {fileID: 1222103145614081863}
  m_PrefabAsset: {fileID: 0}
--- !u!114 &2435407748765659048 stripped
MonoBehaviour:
  m_CorrespondingSourceObject: {fileID: 3547013686635778287, guid: ce02f9dd1adcbe241b6aa1cc105c25a2,
    type: 3}
  m_PrefabInstance: {fileID: 1222103145614081863}
  m_PrefabAsset: {fileID: 0}
  m_GameObject: {fileID: 0}
  m_Enabled: 1
  m_EditorHideFlags: 0
  m_Script: {fileID: 11500000, guid: 47d18460793c3df45989df6403387daa, type: 3}
  m_Name: 
  m_EditorClassIdentifier: 
--- !u!1001 &1387271921429490253
PrefabInstance:
  m_ObjectHideFlags: 0
  serializedVersion: 2
  m_Modification:
    m_TransformParent: {fileID: 6565226329113640550}
    m_Modifications:
    - target: {fileID: 634123188037022867, guid: 0be41777cd2ff7545b5acb94eb393f19,
        type: 3}
      propertyPath: m_LocalPosition.x
      value: 0
      objectReference: {fileID: 0}
    - target: {fileID: 634123188037022867, guid: 0be41777cd2ff7545b5acb94eb393f19,
        type: 3}
      propertyPath: m_LocalPosition.y
      value: 0
      objectReference: {fileID: 0}
    - target: {fileID: 634123188037022867, guid: 0be41777cd2ff7545b5acb94eb393f19,
        type: 3}
      propertyPath: m_LocalPosition.z
      value: 0
      objectReference: {fileID: 0}
    - target: {fileID: 634123188037022867, guid: 0be41777cd2ff7545b5acb94eb393f19,
        type: 3}
      propertyPath: m_LocalRotation.x
      value: -0
      objectReference: {fileID: 0}
    - target: {fileID: 634123188037022867, guid: 0be41777cd2ff7545b5acb94eb393f19,
        type: 3}
      propertyPath: m_LocalRotation.y
      value: -0
      objectReference: {fileID: 0}
    - target: {fileID: 634123188037022867, guid: 0be41777cd2ff7545b5acb94eb393f19,
        type: 3}
      propertyPath: m_LocalRotation.z
      value: -0
      objectReference: {fileID: 0}
    - target: {fileID: 634123188037022867, guid: 0be41777cd2ff7545b5acb94eb393f19,
        type: 3}
      propertyPath: m_LocalRotation.w
      value: 1
      objectReference: {fileID: 0}
    - target: {fileID: 634123188037022867, guid: 0be41777cd2ff7545b5acb94eb393f19,
        type: 3}
      propertyPath: m_RootOrder
      value: 0
      objectReference: {fileID: 0}
    - target: {fileID: 634123188037022867, guid: 0be41777cd2ff7545b5acb94eb393f19,
        type: 3}
      propertyPath: m_LocalEulerAnglesHint.x
      value: 0
      objectReference: {fileID: 0}
    - target: {fileID: 634123188037022867, guid: 0be41777cd2ff7545b5acb94eb393f19,
        type: 3}
      propertyPath: m_LocalEulerAnglesHint.y
      value: 0
      objectReference: {fileID: 0}
    - target: {fileID: 634123188037022867, guid: 0be41777cd2ff7545b5acb94eb393f19,
        type: 3}
      propertyPath: m_LocalEulerAnglesHint.z
      value: 0
      objectReference: {fileID: 0}
    - target: {fileID: 634123188037022867, guid: 0be41777cd2ff7545b5acb94eb393f19,
        type: 3}
      propertyPath: m_AnchoredPosition.x
      value: 0
      objectReference: {fileID: 0}
    - target: {fileID: 634123188037022867, guid: 0be41777cd2ff7545b5acb94eb393f19,
        type: 3}
      propertyPath: m_AnchoredPosition.y
      value: 0
      objectReference: {fileID: 0}
    - target: {fileID: 634123188037022867, guid: 0be41777cd2ff7545b5acb94eb393f19,
        type: 3}
      propertyPath: m_AnchorMin.x
      value: 1
      objectReference: {fileID: 0}
    - target: {fileID: 634123188037022867, guid: 0be41777cd2ff7545b5acb94eb393f19,
        type: 3}
      propertyPath: m_AnchorMin.y
      value: 0.5
      objectReference: {fileID: 0}
    - target: {fileID: 634123188037022867, guid: 0be41777cd2ff7545b5acb94eb393f19,
        type: 3}
      propertyPath: m_AnchorMax.x
      value: 1
      objectReference: {fileID: 0}
    - target: {fileID: 634123188037022867, guid: 0be41777cd2ff7545b5acb94eb393f19,
        type: 3}
      propertyPath: m_AnchorMax.y
      value: 0.5
      objectReference: {fileID: 0}
    - target: {fileID: 634123188037022867, guid: 0be41777cd2ff7545b5acb94eb393f19,
        type: 3}
      propertyPath: m_Pivot.x
      value: 1
      objectReference: {fileID: 0}
    - target: {fileID: 634123188037022867, guid: 0be41777cd2ff7545b5acb94eb393f19,
        type: 3}
      propertyPath: m_Pivot.y
      value: 0.5
      objectReference: {fileID: 0}
    - target: {fileID: 634123188037022867, guid: 0be41777cd2ff7545b5acb94eb393f19,
        type: 3}
      propertyPath: m_SizeDelta.x
      value: 80
      objectReference: {fileID: 0}
    - target: {fileID: 5725859958343576967, guid: 0be41777cd2ff7545b5acb94eb393f19,
        type: 3}
      propertyPath: m_Name
      value: container_xxs
      objectReference: {fileID: 0}
    - target: {fileID: 8188617918055364867, guid: 0be41777cd2ff7545b5acb94eb393f19,
        type: 3}
      propertyPath: m_RaycastTarget
      value: 0
      objectReference: {fileID: 0}
    m_RemovedComponents: []
  m_SourcePrefab: {fileID: 100100000, guid: 0be41777cd2ff7545b5acb94eb393f19, type: 3}
--- !u!224 &1985049326596218590 stripped
RectTransform:
  m_CorrespondingSourceObject: {fileID: 634123188037022867, guid: 0be41777cd2ff7545b5acb94eb393f19,
    type: 3}
  m_PrefabInstance: {fileID: 1387271921429490253}
  m_PrefabAsset: {fileID: 0}
--- !u!1001 &3213607586421876331
PrefabInstance:
  m_ObjectHideFlags: 0
  serializedVersion: 2
  m_Modification:
    m_TransformParent: {fileID: 6565226329113640550}
    m_Modifications:
    - target: {fileID: 564633156056635504, guid: 452526de59a72924e85b61d4e4da88b2,
        type: 3}
      propertyPath: m_Name
      value: icon
      objectReference: {fileID: 0}
    - target: {fileID: 1052604355427593293, guid: 452526de59a72924e85b61d4e4da88b2,
        type: 3}
      propertyPath: m_AnchorMin.x
      value: 0.5
      objectReference: {fileID: 0}
    - target: {fileID: 1052604355427593293, guid: 452526de59a72924e85b61d4e4da88b2,
        type: 3}
      propertyPath: m_AnchorMin.y
      value: 0.5
      objectReference: {fileID: 0}
    - target: {fileID: 1052604355427593293, guid: 452526de59a72924e85b61d4e4da88b2,
        type: 3}
      propertyPath: m_AnchorMax.x
      value: 0.5
      objectReference: {fileID: 0}
    - target: {fileID: 1052604355427593293, guid: 452526de59a72924e85b61d4e4da88b2,
        type: 3}
      propertyPath: m_AnchorMax.y
      value: 0.5
      objectReference: {fileID: 0}
    - target: {fileID: 1052604355427593293, guid: 452526de59a72924e85b61d4e4da88b2,
        type: 3}
      propertyPath: m_SizeDelta.x
      value: 32
      objectReference: {fileID: 0}
    - target: {fileID: 1052604355427593293, guid: 452526de59a72924e85b61d4e4da88b2,
        type: 3}
      propertyPath: m_SizeDelta.y
      value: 29
      objectReference: {fileID: 0}
    - target: {fileID: 1261763227906340808, guid: 452526de59a72924e85b61d4e4da88b2,
        type: 3}
      propertyPath: m_LocalPosition.x
      value: 0
      objectReference: {fileID: 0}
    - target: {fileID: 1261763227906340808, guid: 452526de59a72924e85b61d4e4da88b2,
        type: 3}
      propertyPath: m_LocalPosition.y
      value: 0
      objectReference: {fileID: 0}
    - target: {fileID: 1261763227906340808, guid: 452526de59a72924e85b61d4e4da88b2,
        type: 3}
      propertyPath: m_LocalPosition.z
      value: 0
      objectReference: {fileID: 0}
    - target: {fileID: 1261763227906340808, guid: 452526de59a72924e85b61d4e4da88b2,
        type: 3}
      propertyPath: m_LocalRotation.x
      value: 0
      objectReference: {fileID: 0}
    - target: {fileID: 1261763227906340808, guid: 452526de59a72924e85b61d4e4da88b2,
        type: 3}
      propertyPath: m_LocalRotation.y
      value: 0
      objectReference: {fileID: 0}
    - target: {fileID: 1261763227906340808, guid: 452526de59a72924e85b61d4e4da88b2,
        type: 3}
      propertyPath: m_LocalRotation.z
      value: 0
      objectReference: {fileID: 0}
    - target: {fileID: 1261763227906340808, guid: 452526de59a72924e85b61d4e4da88b2,
        type: 3}
      propertyPath: m_LocalRotation.w
      value: 1
      objectReference: {fileID: 0}
    - target: {fileID: 1261763227906340808, guid: 452526de59a72924e85b61d4e4da88b2,
        type: 3}
      propertyPath: m_RootOrder
      value: 1
      objectReference: {fileID: 0}
    - target: {fileID: 1261763227906340808, guid: 452526de59a72924e85b61d4e4da88b2,
        type: 3}
      propertyPath: m_LocalEulerAnglesHint.x
      value: 0
      objectReference: {fileID: 0}
    - target: {fileID: 1261763227906340808, guid: 452526de59a72924e85b61d4e4da88b2,
        type: 3}
      propertyPath: m_LocalEulerAnglesHint.y
      value: 0
      objectReference: {fileID: 0}
    - target: {fileID: 1261763227906340808, guid: 452526de59a72924e85b61d4e4da88b2,
        type: 3}
      propertyPath: m_LocalEulerAnglesHint.z
      value: 0
      objectReference: {fileID: 0}
    - target: {fileID: 1261763227906340808, guid: 452526de59a72924e85b61d4e4da88b2,
        type: 3}
      propertyPath: m_AnchoredPosition.x
      value: -30
      objectReference: {fileID: 0}
    - target: {fileID: 1261763227906340808, guid: 452526de59a72924e85b61d4e4da88b2,
        type: 3}
      propertyPath: m_AnchoredPosition.y
      value: 0
      objectReference: {fileID: 0}
    - target: {fileID: 1261763227906340808, guid: 452526de59a72924e85b61d4e4da88b2,
        type: 3}
      propertyPath: m_SizeDelta.x
      value: 40
      objectReference: {fileID: 0}
    - target: {fileID: 1261763227906340808, guid: 452526de59a72924e85b61d4e4da88b2,
        type: 3}
      propertyPath: m_SizeDelta.y
      value: 40
      objectReference: {fileID: 0}
    - target: {fileID: 1261763227906340808, guid: 452526de59a72924e85b61d4e4da88b2,
        type: 3}
      propertyPath: m_AnchorMin.x
      value: 0.5
      objectReference: {fileID: 0}
    - target: {fileID: 1261763227906340808, guid: 452526de59a72924e85b61d4e4da88b2,
        type: 3}
      propertyPath: m_AnchorMin.y
      value: 0.5
      objectReference: {fileID: 0}
    - target: {fileID: 1261763227906340808, guid: 452526de59a72924e85b61d4e4da88b2,
        type: 3}
      propertyPath: m_AnchorMax.x
      value: 0.5
      objectReference: {fileID: 0}
    - target: {fileID: 1261763227906340808, guid: 452526de59a72924e85b61d4e4da88b2,
        type: 3}
      propertyPath: m_AnchorMax.y
      value: 0.5
      objectReference: {fileID: 0}
    - target: {fileID: 1261763227906340808, guid: 452526de59a72924e85b61d4e4da88b2,
        type: 3}
      propertyPath: m_Pivot.x
      value: 0.5
      objectReference: {fileID: 0}
    - target: {fileID: 1261763227906340808, guid: 452526de59a72924e85b61d4e4da88b2,
        type: 3}
      propertyPath: m_Pivot.y
      value: 0.5
      objectReference: {fileID: 0}
    - target: {fileID: 6709814706068877745, guid: 452526de59a72924e85b61d4e4da88b2,
        type: 3}
      propertyPath: m_Sprite
      value: 
      objectReference: {fileID: 1732763018593028114, guid: 76fc86b3b2925c84fbc2fc489de9cb6a,
        type: 3}
    - target: {fileID: 7303039812642598121, guid: 452526de59a72924e85b61d4e4da88b2,
        type: 3}
      propertyPath: m_SizeDelta.x
      value: 40
      objectReference: {fileID: 0}
    - target: {fileID: 7303039812642598121, guid: 452526de59a72924e85b61d4e4da88b2,
        type: 3}
      propertyPath: m_SizeDelta.y
      value: 38
      objectReference: {fileID: 0}
    - target: {fileID: 7303039812642598121, guid: 452526de59a72924e85b61d4e4da88b2,
        type: 3}
      propertyPath: m_AnchorMax.x
      value: 0.5
      objectReference: {fileID: 0}
    - target: {fileID: 7303039812642598121, guid: 452526de59a72924e85b61d4e4da88b2,
        type: 3}
      propertyPath: m_AnchorMax.y
      value: 0.5
      objectReference: {fileID: 0}
    - target: {fileID: 7303039812642598121, guid: 452526de59a72924e85b61d4e4da88b2,
        type: 3}
      propertyPath: m_AnchorMin.x
      value: 0.5
      objectReference: {fileID: 0}
    - target: {fileID: 7303039812642598121, guid: 452526de59a72924e85b61d4e4da88b2,
        type: 3}
      propertyPath: m_AnchorMin.y
      value: 0.5
      objectReference: {fileID: 0}
    - target: {fileID: 8242491461718813158, guid: 452526de59a72924e85b61d4e4da88b2,
        type: 3}
      propertyPath: m_Sprite
      value: 
      objectReference: {fileID: -6770512722935140999, guid: 76fc86b3b2925c84fbc2fc489de9cb6a,
        type: 3}
    m_RemovedComponents: []
  m_SourcePrefab: {fileID: 100100000, guid: 452526de59a72924e85b61d4e4da88b2, type: 3}
--- !u!224 &4403299886161514915 stripped
RectTransform:
  m_CorrespondingSourceObject: {fileID: 1261763227906340808, guid: 452526de59a72924e85b61d4e4da88b2,
    type: 3}
  m_PrefabInstance: {fileID: 3213607586421876331}
  m_PrefabAsset: {fileID: 0}
--- !u!114 &2421237751955554630 stripped
MonoBehaviour:
  m_CorrespondingSourceObject: {fileID: 937014782668482349, guid: 452526de59a72924e85b61d4e4da88b2,
    type: 3}
  m_PrefabInstance: {fileID: 3213607586421876331}
  m_PrefabAsset: {fileID: 0}
  m_GameObject: {fileID: 0}
  m_Enabled: 1
  m_EditorHideFlags: 0
  m_Script: {fileID: 11500000, guid: 26e90f77ee710af4583d4be5b89020a2, type: 3}
  m_Name: 
  m_EditorClassIdentifier: 
--- !u!1001 &3618121083018993489
PrefabInstance:
  m_ObjectHideFlags: 0
  serializedVersion: 2
  m_Modification:
    m_TransformParent: {fileID: 6565226329113640550}
    m_Modifications:
    - target: {fileID: 4179097225941533133, guid: c8dd06c3e417d5d498c364d313c62566,
        type: 3}
      propertyPath: m_LocalPosition.x
      value: 0
      objectReference: {fileID: 0}
    - target: {fileID: 4179097225941533133, guid: c8dd06c3e417d5d498c364d313c62566,
        type: 3}
      propertyPath: m_LocalPosition.y
      value: 0
      objectReference: {fileID: 0}
    - target: {fileID: 4179097225941533133, guid: c8dd06c3e417d5d498c364d313c62566,
        type: 3}
      propertyPath: m_LocalPosition.z
      value: 0
      objectReference: {fileID: 0}
    - target: {fileID: 4179097225941533133, guid: c8dd06c3e417d5d498c364d313c62566,
        type: 3}
      propertyPath: m_LocalRotation.x
      value: -0
      objectReference: {fileID: 0}
    - target: {fileID: 4179097225941533133, guid: c8dd06c3e417d5d498c364d313c62566,
        type: 3}
      propertyPath: m_LocalRotation.y
      value: -0
      objectReference: {fileID: 0}
    - target: {fileID: 4179097225941533133, guid: c8dd06c3e417d5d498c364d313c62566,
        type: 3}
      propertyPath: m_LocalRotation.z
      value: -0
      objectReference: {fileID: 0}
    - target: {fileID: 4179097225941533133, guid: c8dd06c3e417d5d498c364d313c62566,
        type: 3}
      propertyPath: m_LocalRotation.w
      value: 1
      objectReference: {fileID: 0}
    - target: {fileID: 4179097225941533133, guid: c8dd06c3e417d5d498c364d313c62566,
        type: 3}
      propertyPath: m_RootOrder
      value: 4
      objectReference: {fileID: 0}
    - target: {fileID: 4179097225941533133, guid: c8dd06c3e417d5d498c364d313c62566,
        type: 3}
      propertyPath: m_LocalEulerAnglesHint.x
      value: 0
      objectReference: {fileID: 0}
    - target: {fileID: 4179097225941533133, guid: c8dd06c3e417d5d498c364d313c62566,
        type: 3}
      propertyPath: m_LocalEulerAnglesHint.y
      value: 0
      objectReference: {fileID: 0}
    - target: {fileID: 4179097225941533133, guid: c8dd06c3e417d5d498c364d313c62566,
        type: 3}
      propertyPath: m_LocalEulerAnglesHint.z
      value: 0
      objectReference: {fileID: 0}
    - target: {fileID: 4179097225941533133, guid: c8dd06c3e417d5d498c364d313c62566,
        type: 3}
      propertyPath: m_AnchoredPosition.x
      value: -3
      objectReference: {fileID: 0}
    - target: {fileID: 4179097225941533133, guid: c8dd06c3e417d5d498c364d313c62566,
        type: 3}
      propertyPath: m_AnchoredPosition.y
      value: -10
      objectReference: {fileID: 0}
    - target: {fileID: 4179097225941533133, guid: c8dd06c3e417d5d498c364d313c62566,
        type: 3}
      propertyPath: m_SizeDelta.x
      value: 10
      objectReference: {fileID: 0}
    - target: {fileID: 4179097225941533133, guid: c8dd06c3e417d5d498c364d313c62566,
        type: 3}
      propertyPath: m_SizeDelta.y
      value: 10
      objectReference: {fileID: 0}
    - target: {fileID: 4179097225941533133, guid: c8dd06c3e417d5d498c364d313c62566,
        type: 3}
      propertyPath: m_AnchorMin.x
      value: 1
      objectReference: {fileID: 0}
    - target: {fileID: 4179097225941533133, guid: c8dd06c3e417d5d498c364d313c62566,
        type: 3}
      propertyPath: m_AnchorMin.y
      value: 1
      objectReference: {fileID: 0}
    - target: {fileID: 4179097225941533133, guid: c8dd06c3e417d5d498c364d313c62566,
        type: 3}
      propertyPath: m_AnchorMax.x
      value: 1
      objectReference: {fileID: 0}
    - target: {fileID: 4179097225941533133, guid: c8dd06c3e417d5d498c364d313c62566,
        type: 3}
      propertyPath: m_AnchorMax.y
      value: 1
      objectReference: {fileID: 0}
    - target: {fileID: 4179097225941533133, guid: c8dd06c3e417d5d498c364d313c62566,
        type: 3}
      propertyPath: m_Pivot.x
      value: 0.5
      objectReference: {fileID: 0}
    - target: {fileID: 4179097225941533133, guid: c8dd06c3e417d5d498c364d313c62566,
        type: 3}
      propertyPath: m_Pivot.y
      value: 0.5
      objectReference: {fileID: 0}
    - target: {fileID: 8323591672550453629, guid: c8dd06c3e417d5d498c364d313c62566,
        type: 3}
      propertyPath: m_Name
      value: buff_indicator
      objectReference: {fileID: 0}
    m_RemovedComponents: []
  m_SourcePrefab: {fileID: 100100000, guid: c8dd06c3e417d5d498c364d313c62566, type: 3}
--- !u!224 &849217965753769628 stripped
RectTransform:
  m_CorrespondingSourceObject: {fileID: 4179097225941533133, guid: c8dd06c3e417d5d498c364d313c62566,
    type: 3}
  m_PrefabInstance: {fileID: 3618121083018993489}
  m_PrefabAsset: {fileID: 0}
--- !u!114 &8313940883816723252 stripped
MonoBehaviour:
  m_CorrespondingSourceObject: {fileID: 4708276860072291429, guid: c8dd06c3e417d5d498c364d313c62566,
    type: 3}
  m_PrefabInstance: {fileID: 3618121083018993489}
  m_PrefabAsset: {fileID: 0}
  m_GameObject: {fileID: 0}
  m_Enabled: 1
  m_EditorHideFlags: 0
  m_Script: {fileID: 11500000, guid: 830f9c2d7eb29ee42a9e62325ba0d23c, type: 3}
  m_Name: 
  m_EditorClassIdentifier: 
