%YAML 1.1
%TAG !u! tag:unity3d.com,2011:
--- !u!1 &4658459439065804691
GameObject:
  m_ObjectHideFlags: 0
  m_CorrespondingSourceObject: {fileID: 0}
  m_PrefabInstance: {fileID: 0}
  m_PrefabAsset: {fileID: 0}
  serializedVersion: 6
  m_Component:
  - component: {fileID: 1461427118523837657}
  - component: {fileID: 6416216217839222690}
  - component: {fileID: 483543358101559988}
  m_Layer: 5
  m_Name: shape
  m_TagString: Untagged
  m_Icon: {fileID: 0}
  m_NavMeshLayer: 0
  m_StaticEditorFlags: 0
  m_IsActive: 1
--- !u!224 &1461427118523837657
RectTransform:
  m_ObjectHideFlags: 0
  m_CorrespondingSourceObject: {fileID: 0}
  m_PrefabInstance: {fileID: 0}
  m_PrefabAsset: {fileID: 0}
  m_GameObject: {fileID: 4658459439065804691}
  m_LocalRotation: {x: 0, y: 0, z: 0, w: 1}
  m_LocalPosition: {x: 0, y: 0, z: 0}
  m_LocalScale: {x: 1, y: 1, z: 1}
  m_Children: []
  m_Father: {fileID: 5710584155840002834}
  m_RootOrder: 0
  m_LocalEulerAnglesHint: {x: 0, y: 0, z: 0}
  m_AnchorMin: {x: 0.5, y: 0.5}
  m_AnchorMax: {x: 0.5, y: 0.5}
  m_AnchoredPosition: {x: 0, y: 0}
  m_SizeDelta: {x: 40, y: 40}
  m_Pivot: {x: 0.5, y: 0.5}
--- !u!222 &6416216217839222690
CanvasRenderer:
  m_ObjectHideFlags: 0
  m_CorrespondingSourceObject: {fileID: 0}
  m_PrefabInstance: {fileID: 0}
  m_PrefabAsset: {fileID: 0}
  m_GameObject: {fileID: 4658459439065804691}
  m_CullTransparentMesh: 0
--- !u!114 &483543358101559988
MonoBehaviour:
  m_ObjectHideFlags: 0
  m_CorrespondingSourceObject: {fileID: 0}
  m_PrefabInstance: {fileID: 0}
  m_PrefabAsset: {fileID: 0}
  m_GameObject: {fileID: 4658459439065804691}
  m_Enabled: 1
  m_EditorHideFlags: 0
  m_Script: {fileID: 11500000, guid: fe87c0e1cc204ed48ad3b37840f39efc, type: 3}
  m_Name: 
  m_EditorClassIdentifier: 
  m_Material: {fileID: 0}
  m_Color: {r: 1, g: 1, b: 1, a: 0.29803923}
  m_RaycastTarget: 1
  m_Maskable: 1
  m_OnCullStateChanged:
    m_PersistentCalls:
      m_Calls: []
  m_Sprite: {fileID: -5022403844223893427, guid: a89411effdb2b264eb07328c0cfae008,
    type: 3}
  m_Type: 0
  m_PreserveAspect: 0
  m_FillCenter: 1
  m_FillMethod: 4
  m_FillAmount: 1
  m_FillClockwise: 1
  m_FillOrigin: 0
  m_UseSpriteMesh: 0
  m_PixelsPerUnitMultiplier: 1
--- !u!1 &4860948007328361622
GameObject:
  m_ObjectHideFlags: 0
  m_CorrespondingSourceObject: {fileID: 0}
  m_PrefabInstance: {fileID: 0}
  m_PrefabAsset: {fileID: 0}
  serializedVersion: 6
  m_Component:
  - component: {fileID: 8741398484434254652}
  - component: {fileID: 9204875456164191624}
  - component: {fileID: 3663572368375290965}
  m_Layer: 5
  m_Name: shape
  m_TagString: Untagged
  m_Icon: {fileID: 0}
  m_NavMeshLayer: 0
  m_StaticEditorFlags: 0
  m_IsActive: 1
--- !u!224 &8741398484434254652
RectTransform:
  m_ObjectHideFlags: 0
  m_CorrespondingSourceObject: {fileID: 0}
  m_PrefabInstance: {fileID: 0}
  m_PrefabAsset: {fileID: 0}
  m_GameObject: {fileID: 4860948007328361622}
  m_LocalRotation: {x: -0, y: -0, z: -0, w: 1}
  m_LocalPosition: {x: 0, y: 0, z: 0}
  m_LocalScale: {x: 1, y: 1, z: 1}
  m_Children: []
  m_Father: {fileID: 5710584156806159481}
  m_RootOrder: 0
  m_LocalEulerAnglesHint: {x: 0, y: 0, z: 0}
  m_AnchorMin: {x: 0.5, y: 0.5}
  m_AnchorMax: {x: 0.5, y: 0.5}
  m_AnchoredPosition: {x: 0, y: 0}
  m_SizeDelta: {x: 40, y: 40}
  m_Pivot: {x: 0.5, y: 0.5}
--- !u!222 &9204875456164191624
CanvasRenderer:
  m_ObjectHideFlags: 0
  m_CorrespondingSourceObject: {fileID: 0}
  m_PrefabInstance: {fileID: 0}
  m_PrefabAsset: {fileID: 0}
  m_GameObject: {fileID: 4860948007328361622}
  m_CullTransparentMesh: 0
--- !u!114 &3663572368375290965
MonoBehaviour:
  m_ObjectHideFlags: 0
  m_CorrespondingSourceObject: {fileID: 0}
  m_PrefabInstance: {fileID: 0}
  m_PrefabAsset: {fileID: 0}
  m_GameObject: {fileID: 4860948007328361622}
  m_Enabled: 1
  m_EditorHideFlags: 0
  m_Script: {fileID: 11500000, guid: fe87c0e1cc204ed48ad3b37840f39efc, type: 3}
  m_Name: 
  m_EditorClassIdentifier: 
  m_Material: {fileID: 0}
  m_Color: {r: 1, g: 1, b: 1, a: 0.29803923}
  m_RaycastTarget: 1
  m_Maskable: 1
  m_OnCullStateChanged:
    m_PersistentCalls:
      m_Calls: []
  m_Sprite: {fileID: -5022403844223893427, guid: a89411effdb2b264eb07328c0cfae008,
    type: 3}
  m_Type: 0
  m_PreserveAspect: 0
  m_FillCenter: 1
  m_FillMethod: 4
  m_FillAmount: 1
  m_FillClockwise: 1
  m_FillOrigin: 0
  m_UseSpriteMesh: 0
  m_PixelsPerUnitMultiplier: 1
--- !u!1 &5710584155840002833
GameObject:
  m_ObjectHideFlags: 0
  m_CorrespondingSourceObject: {fileID: 0}
  m_PrefabInstance: {fileID: 0}
  m_PrefabAsset: {fileID: 0}
  serializedVersion: 6
  m_Component:
  - component: {fileID: 5710584155840002834}
  - component: {fileID: 5710584155840002828}
  - component: {fileID: 5710584155840002835}
  m_Layer: 5
  m_Name: short_set
  m_TagString: Untagged
  m_Icon: {fileID: 0}
  m_NavMeshLayer: 0
  m_StaticEditorFlags: 0
  m_IsActive: 1
--- !u!224 &5710584155840002834
RectTransform:
  m_ObjectHideFlags: 0
  m_CorrespondingSourceObject: {fileID: 0}
  m_PrefabInstance: {fileID: 0}
  m_PrefabAsset: {fileID: 0}
  m_GameObject: {fileID: 5710584155840002833}
  m_LocalRotation: {x: 0, y: 0, z: 0, w: 1}
  m_LocalPosition: {x: 0, y: 0, z: 0}
  m_LocalScale: {x: 1, y: 1, z: 1}
  m_Children:
  - {fileID: 1461427118523837657}
  - {fileID: 1483380805136231879}
  - {fileID: 3029662928347081806}
  m_Father: {fileID: 5710584157036060839}
  m_RootOrder: 0
  m_LocalEulerAnglesHint: {x: 0, y: 0, z: 0}
  m_AnchorMin: {x: 0, y: 0.5}
  m_AnchorMax: {x: 0, y: 0.5}
  m_AnchoredPosition: {x: 5, y: 0}
  m_SizeDelta: {x: 40, y: 40}
  m_Pivot: {x: 0, y: 0.5}
--- !u!222 &5710584155840002828
CanvasRenderer:
  m_ObjectHideFlags: 0
  m_CorrespondingSourceObject: {fileID: 0}
  m_PrefabInstance: {fileID: 0}
  m_PrefabAsset: {fileID: 0}
  m_GameObject: {fileID: 5710584155840002833}
  m_CullTransparentMesh: 0
--- !u!114 &5710584155840002835
MonoBehaviour:
  m_ObjectHideFlags: 0
  m_CorrespondingSourceObject: {fileID: 0}
  m_PrefabInstance: {fileID: 0}
  m_PrefabAsset: {fileID: 0}
  m_GameObject: {fileID: 5710584155840002833}
  m_Enabled: 1
  m_EditorHideFlags: 0
  m_Script: {fileID: 11500000, guid: fe87c0e1cc204ed48ad3b37840f39efc, type: 3}
  m_Name: 
  m_EditorClassIdentifier: 
  m_Material: {fileID: 0}
  m_Color: {r: 1, g: 1, b: 1, a: 1}
  m_RaycastTarget: 1
  m_Maskable: 1
  m_OnCullStateChanged:
    m_PersistentCalls:
      m_Calls: []
  m_Sprite: {fileID: -4981477394770302565, guid: 76fc86b3b2925c84fbc2fc489de9cb6a,
    type: 3}
  m_Type: 0
  m_PreserveAspect: 0
  m_FillCenter: 1
  m_FillMethod: 4
  m_FillAmount: 1
  m_FillClockwise: 1
  m_FillOrigin: 0
  m_UseSpriteMesh: 0
  m_PixelsPerUnitMultiplier: 1
--- !u!1 &5710584156806159480
GameObject:
  m_ObjectHideFlags: 0
  m_CorrespondingSourceObject: {fileID: 0}
  m_PrefabInstance: {fileID: 0}
  m_PrefabAsset: {fileID: 0}
  serializedVersion: 6
  m_Component:
  - component: {fileID: 5710584156806159481}
  - component: {fileID: 5710584156806159483}
  - component: {fileID: 5710584156806159482}
  m_Layer: 5
  m_Name: long_set
  m_TagString: Untagged
  m_Icon: {fileID: 0}
  m_NavMeshLayer: 0
  m_StaticEditorFlags: 0
  m_IsActive: 1
--- !u!224 &5710584156806159481
RectTransform:
  m_ObjectHideFlags: 0
  m_CorrespondingSourceObject: {fileID: 0}
  m_PrefabInstance: {fileID: 0}
  m_PrefabAsset: {fileID: 0}
  m_GameObject: {fileID: 5710584156806159480}
  m_LocalRotation: {x: 0, y: 0, z: 0, w: 1}
  m_LocalPosition: {x: 0, y: 0, z: 0}
  m_LocalScale: {x: 1, y: 1, z: 1}
  m_Children:
  - {fileID: 8741398484434254652}
  - {fileID: 1483380805083024764}
  - {fileID: 7325953640771124291}
  m_Father: {fileID: 5710584157036060839}
  m_RootOrder: 1
  m_LocalEulerAnglesHint: {x: 0, y: 0, z: 0}
  m_AnchorMin: {x: 0, y: 0.5}
  m_AnchorMax: {x: 0, y: 0.5}
  m_AnchoredPosition: {x: 5, y: 0}
  m_SizeDelta: {x: 80, y: 40}
  m_Pivot: {x: 0, y: 0.5}
--- !u!222 &5710584156806159483
CanvasRenderer:
  m_ObjectHideFlags: 0
  m_CorrespondingSourceObject: {fileID: 0}
  m_PrefabInstance: {fileID: 0}
  m_PrefabAsset: {fileID: 0}
  m_GameObject: {fileID: 5710584156806159480}
  m_CullTransparentMesh: 0
--- !u!114 &5710584156806159482
MonoBehaviour:
  m_ObjectHideFlags: 0
  m_CorrespondingSourceObject: {fileID: 0}
  m_PrefabInstance: {fileID: 0}
  m_PrefabAsset: {fileID: 0}
  m_GameObject: {fileID: 5710584156806159480}
  m_Enabled: 1
  m_EditorHideFlags: 0
  m_Script: {fileID: 11500000, guid: fe87c0e1cc204ed48ad3b37840f39efc, type: 3}
  m_Name: 
  m_EditorClassIdentifier: 
  m_Material: {fileID: 0}
  m_Color: {r: 1, g: 1, b: 1, a: 1}
  m_RaycastTarget: 1
  m_Maskable: 1
  m_OnCullStateChanged:
    m_PersistentCalls:
      m_Calls: []
  m_Sprite: {fileID: -8265143990593385696, guid: 76fc86b3b2925c84fbc2fc489de9cb6a,
    type: 3}
  m_Type: 0
  m_PreserveAspect: 0
  m_FillCenter: 1
  m_FillMethod: 4
  m_FillAmount: 1
  m_FillClockwise: 1
  m_FillOrigin: 0
  m_UseSpriteMesh: 0
  m_PixelsPerUnitMultiplier: 1
--- !u!1 &5710584157036060838
GameObject:
  m_ObjectHideFlags: 0
  m_CorrespondingSourceObject: {fileID: 0}
  m_PrefabInstance: {fileID: 0}
  m_PrefabAsset: {fileID: 0}
  serializedVersion: 6
  m_Component:
  - component: {fileID: 5710584157036060839}
  - component: {fileID: 8863484573823192206}
  m_Layer: 5
  m_Name: action_number
  m_TagString: Untagged
  m_Icon: {fileID: 0}
  m_NavMeshLayer: 0
  m_StaticEditorFlags: 0
  m_IsActive: 1
--- !u!224 &5710584157036060839
RectTransform:
  m_ObjectHideFlags: 0
  m_CorrespondingSourceObject: {fileID: 0}
  m_PrefabInstance: {fileID: 0}
  m_PrefabAsset: {fileID: 0}
  m_GameObject: {fileID: 5710584157036060838}
  m_LocalRotation: {x: -0, y: -0, z: -0, w: 1}
  m_LocalPosition: {x: 0, y: 0, z: 0}
  m_LocalScale: {x: 1, y: 1, z: 1}
  m_Children:
  - {fileID: 5710584155840002834}
  - {fileID: 5710584156806159481}
  m_Father: {fileID: 0}
  m_RootOrder: 0
  m_LocalEulerAnglesHint: {x: 0, y: 0, z: 0}
  m_AnchorMin: {x: 0.5, y: 0.5}
  m_AnchorMax: {x: 0.5, y: 0.5}
  m_AnchoredPosition: {x: 0, y: 0}
  m_SizeDelta: {x: 90, y: 50}
  m_Pivot: {x: 0.5, y: 0.5}
--- !u!114 &8863484573823192206
MonoBehaviour:
  m_ObjectHideFlags: 0
  m_CorrespondingSourceObject: {fileID: 0}
  m_PrefabInstance: {fileID: 0}
  m_PrefabAsset: {fileID: 0}
  m_GameObject: {fileID: 5710584157036060838}
  m_Enabled: 1
  m_EditorHideFlags: 0
  m_Script: {fileID: 11500000, guid: 7ea2b62b374c4504f8323571162ab1f5, type: 3}
  m_Name: 
  m_EditorClassIdentifier: 
  content: {fileID: 5710584157036060838}
  shortNumnber: {fileID: 6148652687440103362}
  longNumnber: {fileID: 6148652687526340473}
  shortFrame: {fileID: 5710584155840002835}
  longFrame: {fileID: 5710584156806159482}
  shortShape: {fileID: 483543358101559988}
  longShape: {fileID: 3663572368375290965}
  shortIndicator: {fileID: 5954757560003199462}
  longIndicator: {fileID: 2090530145486524907}
  isPositiveStat: 0
--- !u!1001 &1437955225374485891
PrefabInstance:
  m_ObjectHideFlags: 0
  serializedVersion: 2
  m_Modification:
    m_TransformParent: {fileID: 5710584155840002834}
    m_Modifications:
    - target: {fileID: 4179097225941533133, guid: c8dd06c3e417d5d498c364d313c62566,
        type: 3}
      propertyPath: m_LocalPosition.x
      value: 0
      objectReference: {fileID: 0}
    - target: {fileID: 4179097225941533133, guid: c8dd06c3e417d5d498c364d313c62566,
        type: 3}
      propertyPath: m_LocalPosition.y
      value: 0
      objectReference: {fileID: 0}
    - target: {fileID: 4179097225941533133, guid: c8dd06c3e417d5d498c364d313c62566,
        type: 3}
      propertyPath: m_LocalPosition.z
      value: 0
      objectReference: {fileID: 0}
    - target: {fileID: 4179097225941533133, guid: c8dd06c3e417d5d498c364d313c62566,
        type: 3}
      propertyPath: m_LocalRotation.x
      value: -0
      objectReference: {fileID: 0}
    - target: {fileID: 4179097225941533133, guid: c8dd06c3e417d5d498c364d313c62566,
        type: 3}
      propertyPath: m_LocalRotation.y
      value: -0
      objectReference: {fileID: 0}
    - target: {fileID: 4179097225941533133, guid: c8dd06c3e417d5d498c364d313c62566,
        type: 3}
      propertyPath: m_LocalRotation.z
      value: -0
      objectReference: {fileID: 0}
    - target: {fileID: 4179097225941533133, guid: c8dd06c3e417d5d498c364d313c62566,
        type: 3}
      propertyPath: m_LocalRotation.w
      value: 1
      objectReference: {fileID: 0}
    - target: {fileID: 4179097225941533133, guid: c8dd06c3e417d5d498c364d313c62566,
        type: 3}
      propertyPath: m_RootOrder
      value: 2
      objectReference: {fileID: 0}
    - target: {fileID: 4179097225941533133, guid: c8dd06c3e417d5d498c364d313c62566,
        type: 3}
      propertyPath: m_LocalEulerAnglesHint.x
      value: 0
      objectReference: {fileID: 0}
    - target: {fileID: 4179097225941533133, guid: c8dd06c3e417d5d498c364d313c62566,
        type: 3}
      propertyPath: m_LocalEulerAnglesHint.y
      value: 0
      objectReference: {fileID: 0}
    - target: {fileID: 4179097225941533133, guid: c8dd06c3e417d5d498c364d313c62566,
        type: 3}
      propertyPath: m_LocalEulerAnglesHint.z
      value: 0
      objectReference: {fileID: 0}
    - target: {fileID: 4179097225941533133, guid: c8dd06c3e417d5d498c364d313c62566,
        type: 3}
      propertyPath: m_AnchoredPosition.x
      value: -5
      objectReference: {fileID: 0}
    - target: {fileID: 4179097225941533133, guid: c8dd06c3e417d5d498c364d313c62566,
        type: 3}
      propertyPath: m_AnchoredPosition.y
      value: -5
      objectReference: {fileID: 0}
    - target: {fileID: 4179097225941533133, guid: c8dd06c3e417d5d498c364d313c62566,
        type: 3}
      propertyPath: m_SizeDelta.x
      value: 10
      objectReference: {fileID: 0}
    - target: {fileID: 4179097225941533133, guid: c8dd06c3e417d5d498c364d313c62566,
        type: 3}
      propertyPath: m_SizeDelta.y
      value: 10
      objectReference: {fileID: 0}
    - target: {fileID: 4179097225941533133, guid: c8dd06c3e417d5d498c364d313c62566,
        type: 3}
      propertyPath: m_AnchorMin.x
      value: 1
      objectReference: {fileID: 0}
    - target: {fileID: 4179097225941533133, guid: c8dd06c3e417d5d498c364d313c62566,
        type: 3}
      propertyPath: m_AnchorMin.y
      value: 1
      objectReference: {fileID: 0}
    - target: {fileID: 4179097225941533133, guid: c8dd06c3e417d5d498c364d313c62566,
        type: 3}
      propertyPath: m_AnchorMax.x
      value: 1
      objectReference: {fileID: 0}
    - target: {fileID: 4179097225941533133, guid: c8dd06c3e417d5d498c364d313c62566,
        type: 3}
      propertyPath: m_AnchorMax.y
      value: 1
      objectReference: {fileID: 0}
    - target: {fileID: 4179097225941533133, guid: c8dd06c3e417d5d498c364d313c62566,
        type: 3}
      propertyPath: m_Pivot.x
      value: 0.5
      objectReference: {fileID: 0}
    - target: {fileID: 4179097225941533133, guid: c8dd06c3e417d5d498c364d313c62566,
        type: 3}
      propertyPath: m_Pivot.y
      value: 0.5
      objectReference: {fileID: 0}
    - target: {fileID: 8323591672550453629, guid: c8dd06c3e417d5d498c364d313c62566,
        type: 3}
      propertyPath: m_Name
      value: buff_indicator
      objectReference: {fileID: 0}
    m_RemovedComponents: []
  m_SourcePrefab: {fileID: 100100000, guid: c8dd06c3e417d5d498c364d313c62566, type: 3}
--- !u!224 &3029662928347081806 stripped
RectTransform:
  m_CorrespondingSourceObject: {fileID: 4179097225941533133, guid: c8dd06c3e417d5d498c364d313c62566,
    type: 3}
  m_PrefabInstance: {fileID: 1437955225374485891}
  m_PrefabAsset: {fileID: 0}
--- !u!114 &5954757560003199462 stripped
MonoBehaviour:
  m_CorrespondingSourceObject: {fileID: 4708276860072291429, guid: c8dd06c3e417d5d498c364d313c62566,
    type: 3}
  m_PrefabInstance: {fileID: 1437955225374485891}
  m_PrefabAsset: {fileID: 0}
  m_GameObject: {fileID: 0}
  m_Enabled: 1
  m_EditorHideFlags: 0
  m_Script: {fileID: 11500000, guid: 830f9c2d7eb29ee42a9e62325ba0d23c, type: 3}
  m_Name: 
  m_EditorClassIdentifier: 
--- !u!1001 &5710584155677535005
PrefabInstance:
  m_ObjectHideFlags: 0
  serializedVersion: 2
  m_Modification:
    m_TransformParent: {fileID: 5710584156806159481}
    m_Modifications:
    - target: {fileID: 6617499737362359904, guid: 7bfe2ef0984dc6644b5924cb40d684b9,
        type: 3}
      propertyPath: m_Name
      value: number_long
      objectReference: {fileID: 0}
    - target: {fileID: 6617499737362359904, guid: 7bfe2ef0984dc6644b5924cb40d684b9,
        type: 3}
      propertyPath: m_IsActive
      value: 1
      objectReference: {fileID: 0}
    - target: {fileID: 6617499737362359905, guid: 7bfe2ef0984dc6644b5924cb40d684b9,
        type: 3}
      propertyPath: m_LocalPosition.x
      value: 0
      objectReference: {fileID: 0}
    - target: {fileID: 6617499737362359905, guid: 7bfe2ef0984dc6644b5924cb40d684b9,
        type: 3}
      propertyPath: m_LocalPosition.y
      value: 0
      objectReference: {fileID: 0}
    - target: {fileID: 6617499737362359905, guid: 7bfe2ef0984dc6644b5924cb40d684b9,
        type: 3}
      propertyPath: m_LocalPosition.z
      value: 0
      objectReference: {fileID: 0}
    - target: {fileID: 6617499737362359905, guid: 7bfe2ef0984dc6644b5924cb40d684b9,
        type: 3}
      propertyPath: m_LocalRotation.x
      value: -0
      objectReference: {fileID: 0}
    - target: {fileID: 6617499737362359905, guid: 7bfe2ef0984dc6644b5924cb40d684b9,
        type: 3}
      propertyPath: m_LocalRotation.y
      value: -0
      objectReference: {fileID: 0}
    - target: {fileID: 6617499737362359905, guid: 7bfe2ef0984dc6644b5924cb40d684b9,
        type: 3}
      propertyPath: m_LocalRotation.z
      value: -0
      objectReference: {fileID: 0}
    - target: {fileID: 6617499737362359905, guid: 7bfe2ef0984dc6644b5924cb40d684b9,
        type: 3}
      propertyPath: m_LocalRotation.w
      value: 1
      objectReference: {fileID: 0}
    - target: {fileID: 6617499737362359905, guid: 7bfe2ef0984dc6644b5924cb40d684b9,
        type: 3}
      propertyPath: m_RootOrder
      value: 1
      objectReference: {fileID: 0}
    - target: {fileID: 6617499737362359905, guid: 7bfe2ef0984dc6644b5924cb40d684b9,
        type: 3}
      propertyPath: m_LocalEulerAnglesHint.x
      value: 0
      objectReference: {fileID: 0}
    - target: {fileID: 6617499737362359905, guid: 7bfe2ef0984dc6644b5924cb40d684b9,
        type: 3}
      propertyPath: m_LocalEulerAnglesHint.y
      value: 0
      objectReference: {fileID: 0}
    - target: {fileID: 6617499737362359905, guid: 7bfe2ef0984dc6644b5924cb40d684b9,
        type: 3}
      propertyPath: m_LocalEulerAnglesHint.z
      value: 0
      objectReference: {fileID: 0}
    - target: {fileID: 6617499737362359905, guid: 7bfe2ef0984dc6644b5924cb40d684b9,
        type: 3}
      propertyPath: m_AnchoredPosition.x
      value: -5
      objectReference: {fileID: 0}
    - target: {fileID: 6617499737362359905, guid: 7bfe2ef0984dc6644b5924cb40d684b9,
        type: 3}
      propertyPath: m_AnchoredPosition.y
      value: 0
      objectReference: {fileID: 0}
    - target: {fileID: 6617499737362359905, guid: 7bfe2ef0984dc6644b5924cb40d684b9,
        type: 3}
      propertyPath: m_SizeDelta.x
      value: 90
      objectReference: {fileID: 0}
    - target: {fileID: 6617499737362359905, guid: 7bfe2ef0984dc6644b5924cb40d684b9,
        type: 3}
      propertyPath: m_SizeDelta.y
      value: 40
      objectReference: {fileID: 0}
    - target: {fileID: 6617499737362359905, guid: 7bfe2ef0984dc6644b5924cb40d684b9,
        type: 3}
      propertyPath: m_AnchorMin.x
      value: 0
      objectReference: {fileID: 0}
    - target: {fileID: 6617499737362359905, guid: 7bfe2ef0984dc6644b5924cb40d684b9,
        type: 3}
      propertyPath: m_AnchorMin.y
      value: 0.5
      objectReference: {fileID: 0}
    - target: {fileID: 6617499737362359905, guid: 7bfe2ef0984dc6644b5924cb40d684b9,
        type: 3}
      propertyPath: m_AnchorMax.x
      value: 0
      objectReference: {fileID: 0}
    - target: {fileID: 6617499737362359905, guid: 7bfe2ef0984dc6644b5924cb40d684b9,
        type: 3}
      propertyPath: m_AnchorMax.y
      value: 0.5
      objectReference: {fileID: 0}
    - target: {fileID: 6617499737362359905, guid: 7bfe2ef0984dc6644b5924cb40d684b9,
        type: 3}
      propertyPath: m_Pivot.x
      value: 0
      objectReference: {fileID: 0}
    - target: {fileID: 6617499737362359905, guid: 7bfe2ef0984dc6644b5924cb40d684b9,
        type: 3}
      propertyPath: m_Pivot.y
      value: 0.5
      objectReference: {fileID: 0}
    - target: {fileID: 6617499737362359906, guid: 7bfe2ef0984dc6644b5924cb40d684b9,
        type: 3}
      propertyPath: m_text
      value: 88-104
      objectReference: {fileID: 0}
    m_RemovedComponents: []
  m_SourcePrefab: {fileID: 100100000, guid: 7bfe2ef0984dc6644b5924cb40d684b9, type: 3}
--- !u!224 &1483380805083024764 stripped
RectTransform:
  m_CorrespondingSourceObject: {fileID: 6617499737362359905, guid: 7bfe2ef0984dc6644b5924cb40d684b9,
    type: 3}
  m_PrefabInstance: {fileID: 5710584155677535005}
  m_PrefabAsset: {fileID: 0}
--- !u!114 &6148652687526340473 stripped
MonoBehaviour:
  m_CorrespondingSourceObject: {fileID: 1879255597252086884, guid: 7bfe2ef0984dc6644b5924cb40d684b9,
    type: 3}
  m_PrefabInstance: {fileID: 5710584155677535005}
  m_PrefabAsset: {fileID: 0}
  m_GameObject: {fileID: 0}
  m_Enabled: 1
  m_EditorHideFlags: 0
  m_Script: {fileID: 11500000, guid: 366e5fcf4374db04ca4e6b17b07f10b7, type: 3}
  m_Name: 
  m_EditorClassIdentifier: 
--- !u!1001 &5710584155733904294
PrefabInstance:
  m_ObjectHideFlags: 0
  serializedVersion: 2
  m_Modification:
    m_TransformParent: {fileID: 5710584155840002834}
    m_Modifications:
    - target: {fileID: 6617499737362359904, guid: 7bfe2ef0984dc6644b5924cb40d684b9,
        type: 3}
      propertyPath: m_Name
      value: number_short
      objectReference: {fileID: 0}
    - target: {fileID: 6617499737362359905, guid: 7bfe2ef0984dc6644b5924cb40d684b9,
        type: 3}
      propertyPath: m_LocalPosition.x
      value: 0
      objectReference: {fileID: 0}
    - target: {fileID: 6617499737362359905, guid: 7bfe2ef0984dc6644b5924cb40d684b9,
        type: 3}
      propertyPath: m_LocalPosition.y
      value: 0
      objectReference: {fileID: 0}
    - target: {fileID: 6617499737362359905, guid: 7bfe2ef0984dc6644b5924cb40d684b9,
        type: 3}
      propertyPath: m_LocalPosition.z
      value: 0
      objectReference: {fileID: 0}
    - target: {fileID: 6617499737362359905, guid: 7bfe2ef0984dc6644b5924cb40d684b9,
        type: 3}
      propertyPath: m_LocalRotation.x
      value: -0
      objectReference: {fileID: 0}
    - target: {fileID: 6617499737362359905, guid: 7bfe2ef0984dc6644b5924cb40d684b9,
        type: 3}
      propertyPath: m_LocalRotation.y
      value: -0
      objectReference: {fileID: 0}
    - target: {fileID: 6617499737362359905, guid: 7bfe2ef0984dc6644b5924cb40d684b9,
        type: 3}
      propertyPath: m_LocalRotation.z
      value: -0
      objectReference: {fileID: 0}
    - target: {fileID: 6617499737362359905, guid: 7bfe2ef0984dc6644b5924cb40d684b9,
        type: 3}
      propertyPath: m_LocalRotation.w
      value: 1
      objectReference: {fileID: 0}
    - target: {fileID: 6617499737362359905, guid: 7bfe2ef0984dc6644b5924cb40d684b9,
        type: 3}
      propertyPath: m_RootOrder
      value: 1
      objectReference: {fileID: 0}
    - target: {fileID: 6617499737362359905, guid: 7bfe2ef0984dc6644b5924cb40d684b9,
        type: 3}
      propertyPath: m_LocalEulerAnglesHint.x
      value: 0
      objectReference: {fileID: 0}
    - target: {fileID: 6617499737362359905, guid: 7bfe2ef0984dc6644b5924cb40d684b9,
        type: 3}
      propertyPath: m_LocalEulerAnglesHint.y
      value: 0
      objectReference: {fileID: 0}
    - target: {fileID: 6617499737362359905, guid: 7bfe2ef0984dc6644b5924cb40d684b9,
        type: 3}
      propertyPath: m_LocalEulerAnglesHint.z
      value: 0
      objectReference: {fileID: 0}
    - target: {fileID: 6617499737362359905, guid: 7bfe2ef0984dc6644b5924cb40d684b9,
        type: 3}
      propertyPath: m_AnchoredPosition.x
      value: -5
      objectReference: {fileID: 0}
    - target: {fileID: 6617499737362359905, guid: 7bfe2ef0984dc6644b5924cb40d684b9,
        type: 3}
      propertyPath: m_AnchoredPosition.y
      value: 0
      objectReference: {fileID: 0}
    - target: {fileID: 6617499737362359905, guid: 7bfe2ef0984dc6644b5924cb40d684b9,
        type: 3}
      propertyPath: m_SizeDelta.x
      value: 50
      objectReference: {fileID: 0}
    - target: {fileID: 6617499737362359905, guid: 7bfe2ef0984dc6644b5924cb40d684b9,
        type: 3}
      propertyPath: m_SizeDelta.y
      value: 40
      objectReference: {fileID: 0}
    - target: {fileID: 6617499737362359905, guid: 7bfe2ef0984dc6644b5924cb40d684b9,
        type: 3}
      propertyPath: m_AnchorMin.x
      value: 0
      objectReference: {fileID: 0}
    - target: {fileID: 6617499737362359905, guid: 7bfe2ef0984dc6644b5924cb40d684b9,
        type: 3}
      propertyPath: m_AnchorMin.y
      value: 0.5
      objectReference: {fileID: 0}
    - target: {fileID: 6617499737362359905, guid: 7bfe2ef0984dc6644b5924cb40d684b9,
        type: 3}
      propertyPath: m_AnchorMax.x
      value: 0
      objectReference: {fileID: 0}
    - target: {fileID: 6617499737362359905, guid: 7bfe2ef0984dc6644b5924cb40d684b9,
        type: 3}
      propertyPath: m_AnchorMax.y
      value: 0.5
      objectReference: {fileID: 0}
    - target: {fileID: 6617499737362359905, guid: 7bfe2ef0984dc6644b5924cb40d684b9,
        type: 3}
      propertyPath: m_Pivot.x
      value: 0
      objectReference: {fileID: 0}
    - target: {fileID: 6617499737362359905, guid: 7bfe2ef0984dc6644b5924cb40d684b9,
        type: 3}
      propertyPath: m_Pivot.y
      value: 0.5
      objectReference: {fileID: 0}
    - target: {fileID: 6617499737362359906, guid: 7bfe2ef0984dc6644b5924cb40d684b9,
        type: 3}
      propertyPath: m_text
      value: 54
      objectReference: {fileID: 0}
    m_RemovedComponents: []
  m_SourcePrefab: {fileID: 100100000, guid: 7bfe2ef0984dc6644b5924cb40d684b9, type: 3}
--- !u!224 &1483380805136231879 stripped
RectTransform:
  m_CorrespondingSourceObject: {fileID: 6617499737362359905, guid: 7bfe2ef0984dc6644b5924cb40d684b9,
    type: 3}
  m_PrefabInstance: {fileID: 5710584155733904294}
  m_PrefabAsset: {fileID: 0}
--- !u!114 &6148652687440103362 stripped
MonoBehaviour:
  m_CorrespondingSourceObject: {fileID: 1879255597252086884, guid: 7bfe2ef0984dc6644b5924cb40d684b9,
    type: 3}
  m_PrefabInstance: {fileID: 5710584155733904294}
  m_PrefabAsset: {fileID: 0}
  m_GameObject: {fileID: 0}
  m_Enabled: 1
  m_EditorHideFlags: 0
  m_Script: {fileID: 11500000, guid: 366e5fcf4374db04ca4e6b17b07f10b7, type: 3}
  m_Name: 
  m_EditorClassIdentifier: 
--- !u!1001 &6652985209517292942
PrefabInstance:
  m_ObjectHideFlags: 0
  serializedVersion: 2
  m_Modification:
    m_TransformParent: {fileID: 5710584156806159481}
    m_Modifications:
    - target: {fileID: 4179097225941533133, guid: c8dd06c3e417d5d498c364d313c62566,
        type: 3}
      propertyPath: m_LocalPosition.x
      value: 0
      objectReference: {fileID: 0}
    - target: {fileID: 4179097225941533133, guid: c8dd06c3e417d5d498c364d313c62566,
        type: 3}
      propertyPath: m_LocalPosition.y
      value: 0
      objectReference: {fileID: 0}
    - target: {fileID: 4179097225941533133, guid: c8dd06c3e417d5d498c364d313c62566,
        type: 3}
      propertyPath: m_LocalPosition.z
      value: 0
      objectReference: {fileID: 0}
    - target: {fileID: 4179097225941533133, guid: c8dd06c3e417d5d498c364d313c62566,
        type: 3}
      propertyPath: m_LocalRotation.x
      value: -0
      objectReference: {fileID: 0}
    - target: {fileID: 4179097225941533133, guid: c8dd06c3e417d5d498c364d313c62566,
        type: 3}
      propertyPath: m_LocalRotation.y
      value: -0
      objectReference: {fileID: 0}
    - target: {fileID: 4179097225941533133, guid: c8dd06c3e417d5d498c364d313c62566,
        type: 3}
      propertyPath: m_LocalRotation.z
      value: -0
      objectReference: {fileID: 0}
    - target: {fileID: 4179097225941533133, guid: c8dd06c3e417d5d498c364d313c62566,
        type: 3}
      propertyPath: m_LocalRotation.w
      value: 1
      objectReference: {fileID: 0}
    - target: {fileID: 4179097225941533133, guid: c8dd06c3e417d5d498c364d313c62566,
        type: 3}
      propertyPath: m_RootOrder
      value: 2
      objectReference: {fileID: 0}
    - target: {fileID: 4179097225941533133, guid: c8dd06c3e417d5d498c364d313c62566,
        type: 3}
      propertyPath: m_LocalEulerAnglesHint.x
      value: 0
      objectReference: {fileID: 0}
    - target: {fileID: 4179097225941533133, guid: c8dd06c3e417d5d498c364d313c62566,
        type: 3}
      propertyPath: m_LocalEulerAnglesHint.y
      value: 0
      objectReference: {fileID: 0}
    - target: {fileID: 4179097225941533133, guid: c8dd06c3e417d5d498c364d313c62566,
        type: 3}
      propertyPath: m_LocalEulerAnglesHint.z
      value: 0
      objectReference: {fileID: 0}
    - target: {fileID: 4179097225941533133, guid: c8dd06c3e417d5d498c364d313c62566,
        type: 3}
      propertyPath: m_AnchoredPosition.x
      value: -5
      objectReference: {fileID: 0}
    - target: {fileID: 4179097225941533133, guid: c8dd06c3e417d5d498c364d313c62566,
        type: 3}
      propertyPath: m_AnchoredPosition.y
      value: -5
      objectReference: {fileID: 0}
    - target: {fileID: 4179097225941533133, guid: c8dd06c3e417d5d498c364d313c62566,
        type: 3}
      propertyPath: m_SizeDelta.x
      value: 10
      objectReference: {fileID: 0}
    - target: {fileID: 4179097225941533133, guid: c8dd06c3e417d5d498c364d313c62566,
        type: 3}
      propertyPath: m_SizeDelta.y
      value: 10
      objectReference: {fileID: 0}
    - target: {fileID: 4179097225941533133, guid: c8dd06c3e417d5d498c364d313c62566,
        type: 3}
      propertyPath: m_AnchorMin.x
      value: 1
      objectReference: {fileID: 0}
    - target: {fileID: 4179097225941533133, guid: c8dd06c3e417d5d498c364d313c62566,
        type: 3}
      propertyPath: m_AnchorMin.y
      value: 1
      objectReference: {fileID: 0}
    - target: {fileID: 4179097225941533133, guid: c8dd06c3e417d5d498c364d313c62566,
        type: 3}
      propertyPath: m_AnchorMax.x
      value: 1
      objectReference: {fileID: 0}
    - target: {fileID: 4179097225941533133, guid: c8dd06c3e417d5d498c364d313c62566,
        type: 3}
      propertyPath: m_AnchorMax.y
      value: 1
      objectReference: {fileID: 0}
    - target: {fileID: 4179097225941533133, guid: c8dd06c3e417d5d498c364d313c62566,
        type: 3}
      propertyPath: m_Pivot.x
      value: 0.5
      objectReference: {fileID: 0}
    - target: {fileID: 4179097225941533133, guid: c8dd06c3e417d5d498c364d313c62566,
        type: 3}
      propertyPath: m_Pivot.y
      value: 0.5
      objectReference: {fileID: 0}
    - target: {fileID: 8323591672550453629, guid: c8dd06c3e417d5d498c364d313c62566,
        type: 3}
      propertyPath: m_Name
      value: buff_indicator
      objectReference: {fileID: 0}
    m_RemovedComponents: []
  m_SourcePrefab: {fileID: 100100000, guid: c8dd06c3e417d5d498c364d313c62566, type: 3}
--- !u!224 &7325953640771124291 stripped
RectTransform:
  m_CorrespondingSourceObject: {fileID: 4179097225941533133, guid: c8dd06c3e417d5d498c364d313c62566,
    type: 3}
  m_PrefabInstance: {fileID: 6652985209517292942}
  m_PrefabAsset: {fileID: 0}
--- !u!114 &2090530145486524907 stripped
MonoBehaviour:
  m_CorrespondingSourceObject: {fileID: 4708276860072291429, guid: c8dd06c3e417d5d498c364d313c62566,
    type: 3}
  m_PrefabInstance: {fileID: 6652985209517292942}
  m_PrefabAsset: {fileID: 0}
  m_GameObject: {fileID: 0}
  m_Enabled: 1
  m_EditorHideFlags: 0
  m_Script: {fileID: 11500000, guid: 830f9c2d7eb29ee42a9e62325ba0d23c, type: 3}
  m_Name: 
  m_EditorClassIdentifier: 
