%YAML 1.1
%TAG !u! tag:unity3d.com,2011:
--- !u!114 &3547013686635778287
MonoBehaviour:
  m_ObjectHideFlags: 0
  m_CorrespondingSourceObject: {fileID: 0}
  m_PrefabInstance: {fileID: 0}
  m_PrefabAsset: {fileID: 0}
  m_GameObject: {fileID: 3160171847016606707}
  m_Enabled: 1
  m_EditorHideFlags: 0
  m_Script: {fileID: 11500000, guid: 47d18460793c3df45989df6403387daa, type: 3}
  m_Name: 
  m_EditorClassIdentifier: 
  InteractiveArea: {fileID: 6391947670123800752}
  frame: {fileID: 6804344202277952101}
  icon: {fileID: 8147251131053621810}
  mask: {fileID: 9023825993428594505}
  diceAssets: {fileID: 11400000, guid: 5e041fd74c532004e864e42b17d33841, type: 2}
--- !u!1001 &3174709327281042307
PrefabInstance:
  m_ObjectHideFlags: 0
  serializedVersion: 2
  m_Modification:
    m_TransformParent: {fileID: 0}
    m_Modifications:
    - target: {fileID: 564633156056635504, guid: 452526de59a72924e85b61d4e4da88b2,
        type: 3}
      propertyPath: m_Name
      value: dice_s
      objectReference: {fileID: 0}
    - target: {fileID: 1052604355427593293, guid: 452526de59a72924e85b61d4e4da88b2,
        type: 3}
      propertyPath: m_AnchoredPosition.x
      value: 0
      objectReference: {fileID: 0}
    - target: {fileID: 1052604355427593293, guid: 452526de59a72924e85b61d4e4da88b2,
        type: 3}
      propertyPath: m_SizeDelta.x
      value: 0
      objectReference: {fileID: 0}
    - target: {fileID: 1052604355427593293, guid: 452526de59a72924e85b61d4e4da88b2,
        type: 3}
      propertyPath: m_AnchoredPosition.y
      value: 0
      objectReference: {fileID: 0}
    - target: {fileID: 1052604355427593293, guid: 452526de59a72924e85b61d4e4da88b2,
        type: 3}
      propertyPath: m_SizeDelta.y
      value: 0
      objectReference: {fileID: 0}
    - target: {fileID: 1261763227906340808, guid: 452526de59a72924e85b61d4e4da88b2,
        type: 3}
      propertyPath: m_LocalPosition.x
      value: 0
      objectReference: {fileID: 0}
    - target: {fileID: 1261763227906340808, guid: 452526de59a72924e85b61d4e4da88b2,
        type: 3}
      propertyPath: m_LocalPosition.y
      value: 0
      objectReference: {fileID: 0}
    - target: {fileID: 1261763227906340808, guid: 452526de59a72924e85b61d4e4da88b2,
        type: 3}
      propertyPath: m_LocalPosition.z
      value: 0
      objectReference: {fileID: 0}
    - target: {fileID: 1261763227906340808, guid: 452526de59a72924e85b61d4e4da88b2,
        type: 3}
      propertyPath: m_LocalRotation.x
      value: 0
      objectReference: {fileID: 0}
    - target: {fileID: 1261763227906340808, guid: 452526de59a72924e85b61d4e4da88b2,
        type: 3}
      propertyPath: m_LocalRotation.y
      value: 0
      objectReference: {fileID: 0}
    - target: {fileID: 1261763227906340808, guid: 452526de59a72924e85b61d4e4da88b2,
        type: 3}
      propertyPath: m_LocalRotation.z
      value: 0
      objectReference: {fileID: 0}
    - target: {fileID: 1261763227906340808, guid: 452526de59a72924e85b61d4e4da88b2,
        type: 3}
      propertyPath: m_LocalRotation.w
      value: 1
      objectReference: {fileID: 0}
    - target: {fileID: 1261763227906340808, guid: 452526de59a72924e85b61d4e4da88b2,
        type: 3}
      propertyPath: m_RootOrder
      value: 0
      objectReference: {fileID: 0}
    - target: {fileID: 1261763227906340808, guid: 452526de59a72924e85b61d4e4da88b2,
        type: 3}
      propertyPath: m_LocalEulerAnglesHint.x
      value: 0
      objectReference: {fileID: 0}
    - target: {fileID: 1261763227906340808, guid: 452526de59a72924e85b61d4e4da88b2,
        type: 3}
      propertyPath: m_LocalEulerAnglesHint.y
      value: 0
      objectReference: {fileID: 0}
    - target: {fileID: 1261763227906340808, guid: 452526de59a72924e85b61d4e4da88b2,
        type: 3}
      propertyPath: m_LocalEulerAnglesHint.z
      value: 0
      objectReference: {fileID: 0}
    - target: {fileID: 1261763227906340808, guid: 452526de59a72924e85b61d4e4da88b2,
        type: 3}
      propertyPath: m_AnchoredPosition.x
      value: 0
      objectReference: {fileID: 0}
    - target: {fileID: 1261763227906340808, guid: 452526de59a72924e85b61d4e4da88b2,
        type: 3}
      propertyPath: m_AnchoredPosition.y
      value: 0
      objectReference: {fileID: 0}
    - target: {fileID: 1261763227906340808, guid: 452526de59a72924e85b61d4e4da88b2,
        type: 3}
      propertyPath: m_SizeDelta.x
      value: 20
      objectReference: {fileID: 0}
    - target: {fileID: 1261763227906340808, guid: 452526de59a72924e85b61d4e4da88b2,
        type: 3}
      propertyPath: m_SizeDelta.y
      value: 20
      objectReference: {fileID: 0}
    - target: {fileID: 1261763227906340808, guid: 452526de59a72924e85b61d4e4da88b2,
        type: 3}
      propertyPath: m_AnchorMin.x
      value: 0.5
      objectReference: {fileID: 0}
    - target: {fileID: 1261763227906340808, guid: 452526de59a72924e85b61d4e4da88b2,
        type: 3}
      propertyPath: m_AnchorMin.y
      value: 0.5
      objectReference: {fileID: 0}
    - target: {fileID: 1261763227906340808, guid: 452526de59a72924e85b61d4e4da88b2,
        type: 3}
      propertyPath: m_AnchorMax.x
      value: 0.5
      objectReference: {fileID: 0}
    - target: {fileID: 1261763227906340808, guid: 452526de59a72924e85b61d4e4da88b2,
        type: 3}
      propertyPath: m_AnchorMax.y
      value: 0.5
      objectReference: {fileID: 0}
    - target: {fileID: 1261763227906340808, guid: 452526de59a72924e85b61d4e4da88b2,
        type: 3}
      propertyPath: m_Pivot.x
      value: 0.5
      objectReference: {fileID: 0}
    - target: {fileID: 1261763227906340808, guid: 452526de59a72924e85b61d4e4da88b2,
        type: 3}
      propertyPath: m_Pivot.y
      value: 0.5
      objectReference: {fileID: 0}
    - target: {fileID: 2189341663521978728, guid: 452526de59a72924e85b61d4e4da88b2,
        type: 3}
      propertyPath: m_IsActive
      value: 0
      objectReference: {fileID: 0}
    - target: {fileID: 6709814706068877745, guid: 452526de59a72924e85b61d4e4da88b2,
        type: 3}
      propertyPath: m_Sprite
      value: 
      objectReference: {fileID: 3313806268199431930, guid: 76fc86b3b2925c84fbc2fc489de9cb6a,
        type: 3}
    m_RemovedComponents:
    - {fileID: 937014782668482349, guid: 452526de59a72924e85b61d4e4da88b2, type: 3}
  m_SourcePrefab: {fileID: 100100000, guid: 452526de59a72924e85b61d4e4da88b2, type: 3}
--- !u!1 &3160171847016606707 stripped
GameObject:
  m_CorrespondingSourceObject: {fileID: 564633156056635504, guid: 452526de59a72924e85b61d4e4da88b2,
    type: 3}
  m_PrefabInstance: {fileID: 3174709327281042307}
  m_PrefabAsset: {fileID: 0}
--- !u!1 &6391947670123800752 stripped
GameObject:
  m_CorrespondingSourceObject: {fileID: 8411061479828740915, guid: 452526de59a72924e85b61d4e4da88b2,
    type: 3}
  m_PrefabInstance: {fileID: 3174709327281042307}
  m_PrefabAsset: {fileID: 0}
--- !u!114 &6804344202277952101 stripped
MonoBehaviour:
  m_CorrespondingSourceObject: {fileID: 8242491461718813158, guid: 452526de59a72924e85b61d4e4da88b2,
    type: 3}
  m_PrefabInstance: {fileID: 3174709327281042307}
  m_PrefabAsset: {fileID: 0}
  m_GameObject: {fileID: 0}
  m_Enabled: 1
  m_EditorHideFlags: 0
  m_Script: {fileID: 11500000, guid: fe87c0e1cc204ed48ad3b37840f39efc, type: 3}
  m_Name: 
  m_EditorClassIdentifier: 
--- !u!114 &9023825993428594505 stripped
MonoBehaviour:
  m_CorrespondingSourceObject: {fileID: 5851799612512001226, guid: 452526de59a72924e85b61d4e4da88b2,
    type: 3}
  m_PrefabInstance: {fileID: 3174709327281042307}
  m_PrefabAsset: {fileID: 0}
  m_GameObject: {fileID: 0}
  m_Enabled: 1
  m_EditorHideFlags: 0
  m_Script: {fileID: 11500000, guid: fe87c0e1cc204ed48ad3b37840f39efc, type: 3}
  m_Name: 
  m_EditorClassIdentifier: 
--- !u!114 &8147251131053621810 stripped
MonoBehaviour:
  m_CorrespondingSourceObject: {fileID: 6709814706068877745, guid: 452526de59a72924e85b61d4e4da88b2,
    type: 3}
  m_PrefabInstance: {fileID: 3174709327281042307}
  m_PrefabAsset: {fileID: 0}
  m_GameObject: {fileID: 0}
  m_Enabled: 1
  m_EditorHideFlags: 0
  m_Script: {fileID: 11500000, guid: fe87c0e1cc204ed48ad3b37840f39efc, type: 3}
  m_Name: 
  m_EditorClassIdentifier: 
